1907 3212
177 309 271 352 616
376 320 474 352 THE
516 317 756 352 REGISTER
791 316 850 350 oF
886 317 1063 351 BIsuoe
1103 317 1507 353 BRANTYNGHAM.

176 419 249 462 ³³:9¹
333 421 594 452 officials—Ad
612 420 775 451 noticiam
800 426 954 451 vestram
978 419 1107 451 scimus
1130 421 1301 452 veraciter
1323 422 1522 461 pervenisse
1539 421 1710 462 quomodo

174 454 263 511 {25⁰1
332 465 487 503 illustris,
505 468 581 503 ete„
594 465 763 495 Dominus
779 464 967 503 Johannes,
986 465 1057 494 Rex
1075 465 1224 496 Castelle
1241 467 1276 496 et
1294 466 1455 506 Legionis
1471 476 1511 497 ac
1528 466 1605 497 Dux
1622 466 1708 496 Lan-

231 506 235 511 ”
270 506 275 511 “
332 510 468 548 cas-trie,
486 510 527 539 de
545 509 689 540 concilio
706 511 741 539 et
757 519 929 539 consensu
946 509 1085 539 Domini
1104 509 1253 548 Ricardi,
1271 510 1375 550 Regis
1392 511 1527 550 Anglie,
1545 520 1585 541 ac
1601 509 1710 550 ipsius

332 554 440 593 Regni
462 554 587 593 Anglie
611 554 809 590 Procerum,
832 563 910 583 eum
933 553 1107 584 excercitu
1126 553 1250 591 valido,
1271 554 1315 584 ad
1339 554 1461 585 Partes
1487 555 1654 594 Hispanie
1675 564 1711 585 se

329 598 568 633 destinaverit,
595 598 636 627 ad
670 597 942 628 nanciscendum
970 598 1223 637 possessionem
1250 598 1333 629 dicti
1360 599 1470 638 Regni
1499 598 1649 629 Castelle
1674 601 1709 629 et

332 642 502 679 Legionis,
523 642 566 672 ad
588 642 703 681 ipsum
721 641 798 681 jure
820 642 936 672 uxoris
963 652 1022 672 sue
1046 642 1265 681 pertinentis,
1285 645 1320 673 et
1346 642 1582 674 adversarium
1609 653 1709 673 suuni

330 686 529 726 hujusmodi
544 686 702 725 Regnum
714 686 843 726 injuste
861 686 902 716 de
919 685 1014 716 facto
1031 688 1270 725 occupantem,
1288 697 1366 717 cum
1384 687 1447 717 Dei
1458 687 1642 727 adjutorio,
1654 687 1710 717 de-

331 731 540 768 bellandum,
558 730 734 769 ipsiusque
757 730 947 760 adversarii
972 730 1024 760 sui
1046 740 1086 760 ac
1110 730 1227 770 populi
1252 731 1336 761 dieti
1361 731 1472 770 Regni
1489 731 1709 762 inimicorum

329 775 491 805 seviciam
508 772 607 814 [pro]
622 774 764 812 viribus,
779 774 842 804 sub
859 774 984 804 Divine
1001 774 1240 805 miseracionis
1258 775 1393 813 fiducia,
1408 775 1708 815 compescendum.

334 819 389 857 Ut,
407 819 524 858 igitur,
538 819 647 857 ipsius
665 818 803 848 Domini
819 818 989 849 Johannis
1008 819 1112 858 Regis
1129 821 1165 849 et
1185 819 1291 850 Ducis
1307 819 1464 858 predicti,
1481 829 1522 849 ac
1539 820 1710 850 exereitus

331 864 393 901 sui,
405 874 445 893 eo
458 863 608 893 velocior
622 863 667 893 sit
680 873 895 902 progressus,
913 873 980 902 quo
992 863 1058 902 piis
1072 863 1164 902 apud
1178 863 1289 893 Deum
1304 863 1438 894 suffulti
1451 863 1584 894 fuerint
1596 864 1709 903 placa-

329 908 466 937 cionum
484 907 624 944 officiis3
645 907 753 944 vobis,
769 910 846 945 eto,
863 907 1080 945 mandamus,
1098 917 1138 937 ae
1162 907 1197 937 in
1216 907 1364 938 Domino
1380 908 1612 946 obsecramus,
1630 918 1710 948 qua-

331 952 425 982 tinus
448 951 539 991 apud
563 951 662 989 Eum,
681 951 754 981 sine
782 951 856 989 Quo
880 951 988 981 nichil
1012 954 1065 981 est
1085 951 1250 990 validum,
1269 952 1403 983 devotis
1422 952 1565 992 jejuniis
1587 954 1621 983 et
1635 962 1708 983 ora-

330 996 486 1026 cionibus
507 995 689 1033 insistatis,
710 1006 749 1026 ac
774 998 930 1026 vestrum
960 996 1104 1035 quilibet
1131 995 1269 1026 Clerum
1297 998 1331 1026 et
1360 997 1536 1036 populum,
1559 999 1632 1027 tam
1654 1007 1709 1027 ex-

175 1038 220 1064 sol.
237 1037 311 1064 1571)-
333 1044 489 1080 emptum
503 1050 606 1079 quam
620 1050 689 1070 non
707 1043 918 1078 exemptum,
930 1039 1024 1070 infra
1041 1050 1100 1070 sue
1117 1040 1379 1071 Jurisdioeionis
1396 1041 1525 1071 limites
1542 1041 1708 1071 constitu-

330 1088 403 1115 tum
429 1085 473 1115 ad
490 1084 616 1114 similia
634 1087 668 1114 et
692 1084 933 1114 processiones
957 1084 1100 1114 devotas
1124 1084 1270 1124 singulis
1292 1088 1417 1124 quarta
1438 1087 1473 1115 et
1498 1087 1596 1115 sexta
1611 1085 1709 1115 feriis

330 1129 508 1159 faciendas
524 1129 678 1165 inducat,
690 1131 728 1158 ut
746 1128 818 1158 Rex
835 1138 957 1167 regum
974 1130 1009 1158 et
1026 1128 1196 1160 Dominus
1213 1129 1473 1159 dominancium
1488 1129 1626 1169 prefato
1644 1130 1708 1159 Do-

330 1174 424 1203 mino
442 1173 526 1212 Regi
544 1176 579 1203 et
597 1173 695 1210 Duci,
713 1172 940 1212 omnibusque
959 1172 1024 1202 sibi
1045 1173 1300 1210 assistentibus,
1317 1173 1471 1212 graciam
1494 1173 1709 1204 conferatoet

327 1218 503 1258 juvamen.
552 1217 610 1254 Ut,
628 1223 756 1254 autem,
776 1216 906 1246 Christi
924 1217 1059 1247 Fideles
1082 1217 1125 1247 ad
1148 1218 1317 1257 premissa
1333 1217 1505 1248 allectivis
1521 1217 1708 1256 Indulgen-

328 1262 459 1292 ciarum
477 1261 680 1292 muneribus
696 1261 902 1300 propensius
918 1261 1123 1300 excitentur,
1141 1264 1206 1292 etc.
1228 1261 1278 1301 (ιή
1303 1262 1356 1292 the
1380 1272 1528 1292 common
1547 1260 1711 1302 form).—

328 1306 441 1337 Dated
457 1309 493 1336 at
512 1306 620 1346 Clyst,
640 1306 677 1335 11
695 1305 788 1345 July.

283 1366 467 1416 Poughill
488 1365 720 1415 (Cornwall)
738 1377 748 1411 3
777 1365 841 1402 Ad
868 1365 1141 1413 inquirendum
1160 1366 1205 1403 <le
1233 1366 1436 1414 defectibus
1456 1368 1499 1403 in
1520 1366 1708 1411 Cmtcello,

338 1422 477 1466 Libris,
500 1426 677 1465 etc.,—ut
696 1419 910 1464 (licitur,—

285 1476 493 1507 ——Direeted
525 1478 561 1505 to
591 1474 651 1505 the
678 1474 905 1505 Archdeacon
936 1473 973 1504 of
1012 1474 1194 1512 Cornwall,
1220 1485 1259 1505 or
1284 1474 1338 1505 his
1367 1475 1709 1513 Official,—Graven1

329 1521 506 1560 querelam
530 1518 669 1550 Domini
695 1518 866 1549 Johannis
894 1518 1067 1558 Warivyk,
1085 1518 1249 1558 Perpetui
1273 1519 1404 1550 Vicarii
1429 1519 1583 1550 Ecclesie
1609 1519 1709 1550 Paro-

329 1565 451 1595 chiulis
462 1564 503 1594 de
522 1563 700 1603 Poghulle,
712 1563 746 1592 in
766 1562 949 1600 Cornubia,
968 1562 1173 1602 recepimus,
1190 1563 1428 1594 continentem
1445 1564 1536 1603 quod
1552 1564 1710 1594 nonnulli

330 1615 410 1639 sunt
424 1608 582 1638 defectus
595 1613 667 1637 tam
685 1607 721 1637 in
740 1607 911 1644 Cancello,
930 1607 1052 1645 Libris,
1070 1610 1105 1637 et
1131 1607 1355 1638 Ornamentis
1372 1618 1475 1647 quam
1487 1608 1522 1637 in
1540 1608 1709 1646 domibus,

331 1653 448 1687 muris„
462 1656 497 1682 et
515 1651 693 1689 clausuris,
712 1651 881 1690 rebusque
899 1651 975 1681 aliis
992 1651 1084 1681 dicte
1101 1651 1239 1682 Vicarie
1256 1652 1390 1682 notorie
1408 1652 1641 1689 imminentes,
1659 1662 1709 1682 re-

330 1698 514 1736 par-acione
532 1697 650 1726 debita
666 1698 700 1726 et
726 1696 921 1726 necessaria
944 1695 1152 1734 indigentes,
1171 1706 1255 1735 quos
1273 1696 1441 1727 Dominus
1459 1696 1632 1727 W'alterus
1650 1694 1711 1736 [de

331 1739 544 1780 Luttecotc],
562 1741 785 1780 predecessor
809 1750 892 1769 suus
912 1739 1133 1777 inmediatus,
1157 1740 1289 1770 dimisit
1315 1740 1385 1770 suis
1410 1741 1626 1779 temporibus
1650 1750 1712 1780 per

330 1786 438 1826 ipsius
449 1786 618 1816 incuriam
637 1789 672 1814 et
684 1784 933 1823 nccligenciam
952 1784 1173 1814 incorrectos
1220 1784 1397 1817 Volentes,
1415 1785 1533 1823 igitur,
1550 1785 1594 1814 ad
1605 1785 1713 1824 ipsius

330 1841 421 1861 nunc
440 1829 570 1860 Vicarii
587 1829 879 1868 supplicacionem
897 1828 1098 1866 instantem,
1113 1828 1154 1858 de
1172 1831 1342 1867 oportuno
1359 1829 1423 1859 sibi
1441 1839 1544 1868 super
1561 1829 1711 1868 11001110-

330 1875 438 1905 videri
455 1873 617 1909 remedio,
637 1876 673 1902 ut
691 1879 861 1910 tenemur,
879 1872 976 1902 vobis
993 1873 1246 1903 committimus
1262 1876 1296 1903 et
1313 1873 1521 1903 mandamus
1538 1873 1711 1912 quatinus,

329 1919 461 1950 vocatis
484 1918 551 1948 hiis
574 1917 631 1957 qui
657 1917 698 1947 de
722 1917 798 1957 jure
823 1917 955 1947 fuerint
979 1917 1135 1955 vocandi,
1154 1927 1257 1956 super
1280 1917 1476 1948 defectibus
1499 1917 1710 1957 hujusmodi,

330 1964 387 2002 qui
413 1966 447 1993 et
474 1962 592 2002 quales
621 1962 701 1995 sint,
728 1964 804 1997 etc„
836 1964 871 1991 et
902 1971 964 2000 pro
995 1963 1126 2000 quanto
1158 1961 1285 2000 singuli
1313 1961 1517 2001 singillatim
1545 1964 1711 2001 poterunt

330 2008 445 2037 debite
463 2006 617 2045 reparari
632 2020 638 2043 3
659 2006 758 2045 cujus
776 2015 837 2035 seu
853 2015 1000 2044 quorum
1017 2005 1232 2044 temporibus
1256 2005 1468 2043 acciderunt,
1485 2008 1521 2036 et
1537 2006 1581 2036 ad
1598 2016 1710 2046 quem,

330 2054 406 2089 etc,
424 2051 602 2090 reparacio
619 2049 787 2089 pertinuit
811 2051 844 2079 et
868 2049 993 2079 debeat
1012 2050 1206 2088 pertinere3
1235 2060 1275 2080 ac
1299 2060 1401 2089 quam
1425 2059 1597 2080 summam
1619 2050 1711 2080 idem

331 2096 554 2135 predecessor
576 2094 789 2124 inmediatus
813 2104 834 2124 a
859 2093 1127 2132 precessoribus,
1145 2096 1221 2132 etc„
1239 2104 1300 2133 pro
1320 2094 1602 2133 reparacionibus
1626 2094 1711 2124 inibi

331 2140 500 2170 faciendis
517 2141 706 2178 receperat,
728 2148 768 2168 ac
795 2148 839 2168 an
860 2138 1006 2168 eandem
1029 2138 1064 2167 in
1089 2148 1172 2168 usus
1188 2138 1388 2178 hujusmodi
1405 2140 1635 2177 converterat,
1652 2148 1714 2177 per

330 2184 422 2214 viros
451 2184 654 2222 lidedignos,
682 2182 824 2212 clericos
849 2184 884 2212 et
911 2182 1026 2219 laicos,
1054 2181 1090 2211 in
1117 2182 1230 2212 fornia
1256 2182 1345 2222 juris
1368 2182 1512 2222 juratos,
1537 2184 1573 2213 et
1596 2182 1712 2212 neutri

330 2229 421 2267 parti
439 2232 626 2267 suspectos,
644 2226 835 2266 pleniorem
854 2226 1099 2266 premissorum
1118 2226 1283 2256 noticiam
1301 2226 1509 2266 optinentes,
1527 2227 1714 2266 diligenter

329 2279 362 2302 et
383 2273 531 2302 fideliter
548 2271 903 2311 inquiratis—Dated
921 2278 957 2300 at
975 2270 1083 2310 Clyst,
1104 2271 1144 2301 18
1160 2271 1253 2310 July.

283 2338 365 2375 'she
386 2339 481 2375 XVar
502 2337 543 2373 111
564 2337 685 2386 Spain
704 2349 714 2382 3
743 2337 977 2373 illaudatum
1004 2335 1288 2384 Arcloiepiscops
1308 2343 1349 2373 ut
1370 2344 1499 2374 oretur
1512 2351 1587 2385 pro
1608 2337 1712 2374 Duce

338 2393 560 2429 [lancastrie
574 2391 832 2439 prnosicz'scentc'
852 2404 975 2427 ¹vermos
998 2390 1039 2426 H
1041 2391 1301 2438 ispaniam,—

286 2447 492 2477 QDirected
512 2450 547 2476 to
571 2447 629 2476 the
654 2446 784 2485 Bishop
805 2445 842 2475 of
867 2445 1009 2475 London
1030 2445 1098 2475 and
1118 2445 1164 2485 by
1184 2445 1256 2475 him
1277 2446 1503 2476 transmitted
1527 2444 1585 2485 (12
1601 2444 1708 2485 June)

330 2495 364 2521 to
383 2492 441 2521 the
466 2491 594 2530 Rishop
617 2490 653 2520 of
678 2490 815 2520 Exeter.
864 2490 903 2518 111
922 2489 982 2519 the
1005 2500 1165 2520 common
1188 2489 1300 2527 form;
1330 2490 1435 2520 dated
1459 2492 1496 2520 at
1518 2490 1710 2527 Otteforde,

176 2534 219 2559 Μ-
240 2535 294 2559 1718.
333 2538 351 2565 :3
375 2536 476 2565 June.
525 2535 595 2564 The
622 2534 752 2573 Bishop
770 2534 924 2564 directed
946 2533 1004 2563 the
1030 2534 1124 2563 Dean
1148 2533 1217 2563 and
1244 2534 1397 2573 Chapter
1422 2537 1457 2564 to
1481 2536 1623 2565 execute
1650 2534 1710 2564 the

333 2580 494 2609 Mundam
514 2579 636 2618 (fillyst,
657 2579 695 2607 18
712 2575 824 2618 July).

287 2644 436 2680 Exclei·
466 2641 683 2680 Cathedral
698 2655 707 2688 3
746 2642 983 2679 Illandatum
1011 2649 1142 2679 contra
1161 2642 1350 2690 facientes
1379 2643 1649 2691 7ze90ciaciorzes
1678 2649 1711 2679 et

333 2704 509 2745 ponentes
525 2699 744 2733 memmium
758 2697 798 2732 in
820 2695 988 2732 Ecclesia
1010 2695 1239 2733 Catlcedrali
1254 2696 1410 2740 Exome,
1427 2710 1489 2733 seu
1511 2695 1711 2734 Οῖῃιίιενίο

336 2752 564 2798 <jamenu——

286 2807 445 2844 Thomas,
460 2813 535 2843 etc„
553 2805 701 2835 Domino
720 2804 869 2834 Roberto
888 2804 1010 2842 Broke,
1029 2804 1259 2834 Thesaurario
1276 2804 1428 2834 Ecelesie
1449 2806 1566 2834 nostre
1587 2804 1710 2835 Cathe-

331 2850 438 2880 drulis
456 2850 597 2887 Exonie,
616 2850 755 2879 Decano
774 2848 1052 2879 Christianitatis
1070 2848 1210 2886 Exonie‚
1228 2857 1269 2878 ac
1287 2848 1413 2878 Sancte
1432 2847 1540 2878 Marie
1558 2848 1712 2889 Majoris,

331 2894 448 2924 sancti
476 2894 621 2930 Petroci,
648 2893 766 2923 Sancti
793 2892 945 2930 Martini,
964 2892 1083 2922 Sancti
1113 2891 1263 2931 Georgii,
1290 2891 1522 2922 Eeclesiarum
1549 2891 1711 2923 Civitatis
