1907 3212
148 285 268 332 xviii
798 298 1029 332 PREFACE.

147 406 396 443 execucionis
430 405 658 455 hujusmodi
695 403 887 450 faciende,
927 402 1084 453 ingredi
1121 401 1362 447 volebamus,
1401 404 1485 438 tam
1522 400 1683 438 clericos

148 472 265 508 quam
286 460 416 504 laicos,
439 460 655 496 familiares
676 459 775 495 dicti
798 458 994 507 Episcopi,
1016 470 1105 494 cum
1126 455 1295 493 diversis
1315 468 1514 492 armorum
1535 455 1684 503 generi-

150 512 233 558 bus,
257 514 297 549 in
319 514 474 562 copiosa
495 512 756 549 multitudine
776 515 1036 561 congregatos
1064 510 1212 548 ibidem
1232 511 1486 555 invenimus3
1515 521 1682 557 quorum

149 567 331 603 nonnulli
370 566 494 611 nobis,
526 566 577 603 ad
611 567 887 615 exequendum
922 566 1098 602 Litteras
1132 570 1285 602 vestras
1319 563 1520 613 predictas
1553 562 1684 611 sepius

148 619 406 657 offerentibus
427 633 496 657 nos
512 626 684 669 paratos,
702 621 922 669 ingressum
940 623 981 656 et
996 631 1193 656 accessum
1211 617 1260 654 ad
1277 619 1430 655 dictum
1451 617 1683 666 Episcopum

148 674 309 722 penitus
338 673 599 723 denegarunt,
631 678 672 710 et
701 687 772 710 nos
801 677 1014 722 propterea
1042 672 1274 710 comminati
1303 672 1469 709 fuerunt
1502 670 1617 720 quod,
1651 670 1684 707 si

147 728 234 776 quis
264 732 444 764 nostrum
459 728 627 777 ‘aliquas
658 727 834 764 Litteras
864 727 1082 764 Citatorias
1111 726 1258 763 ibidem
1280 726 1421 775 exequi
1443 738 1511 762 seu
1531 725 1685 773 aperire

146 788 402 829 presumeret,
426 782 549 830 ipsius
570 781 777 818 brachium
797 782 982 831 protinus
1006 784 1274 830 amputarent.
1334 779 1468 824 Unde,
1490 780 1584 828 quia
1602 791 1679 827 pre·

146 835 275 871 fatum
298 835 548 884 Episcopum,
571 840 733 884 propter
752 836 978 884 potenciam
1009 835 1207 872 dictorum
1237 847 1396 871 suorum
1425 833 1685 870 familiarium

145 894 186 925 et
207 890 477 926 resistenciam
499 889 728 938 hujusmodi
750 888 864 926 nobis
884 890 1045 935 factam,
1068 902 1113 926 ac
1135 894 1284 926 metum
1314 888 1464 933 mortis,
1487 892 1576 924 tute
1605 899 1685 923 non

144 943 346 991 potuimus
376 956 447 980 nec
475 944 561 979 ausi
591 943 741 980 fuimus
768 944 908 993 quovis
936 943 1051 980 modo
1079 943 1216 988 citare,
1247 942 1383 992 fugam
1413 941 1559 978 abinde
1579 940 1684 977 illico

143 997 327 1045 cepimus,
344 1001 385 1033 et
399 997 626 1034 eorumdem
643 997 914 1043 familiarium,
933 1011 1003 1035 nos
1019 997 1317 1046 insequencium
1334 1000 1374 1034 et
1390 995 1504 1033 nobis
1520 993 1684 1031 insidias

143 1049 406 1099 undequaque
426 1052 669 1099 parancium,
693 1065 834 1088 manus
856 1053 1088 1089 temerarias
1109 1051 1178 1087 vix
1199 1052 1328 1088 vitare
1357 1050 1560 1100 potuimus
1587 1049 1683 1098 quin

141 1109 212 1140 aut
246 1117 317 1152 per
350 1106 454 1153 ipsos
488 1106 718 1154 precipitati
749 1105 961 1143 fuissemus
995 1106 1103 1143 ultra
1135 1110 1278 1154 pontes
1311 1105 1351 1141 in
1386 1116 1582 1153 ampnem,
1612 1106 1684 1139 aut

141 1158 354 1194 casualiter
374 1159 589 1196 interfecti.
649 1159 838 1205 Tandem,
861 1159 998 1197 eodem
1025 1159 1100 1205 die,
1132 1159 1257 1205 nobis,
1289 1171 1413 1208 usque
1442 1157 1493 1194 ad
1521 1156 1683 1206 opidum

141 1224 208 1248 seu
231 1212 410 1248 villatam
432 1212 480 1249 de
501 1213 720 1262 Topesham
742 1214 937 1263 effugatis,
961 1218 1042 1251 tres
1063 1213 1111 1251 de
1131 1213 1285 1250 familia
1308 1211 1540 1261 supradicta
1567 1211 1683 1247 scuti-

140 1264 225 1310 feri,
261 1265 444 1303 videlicet
481 1266 709 1304 Willelmus
744 1268 941 1317 Hughlot,
977 1267 1185 1304 Johannes
1218 1267 1371 1311 Ufflet)
1406 1271 1447 1303 et
1480 1265 1684 1303 Johannes

141 1318 436 1365 Moundeware,
458 1320 557 1357 alias
577 1321 709 1358 dictus
730 1321 917 1364 Boteller,
939 1321 1097 1358 obviam
1116 1322 1261 1358 armati
1277 1325 1486 1366 venerunt,
1504 1323 1545 1357 et
1560 1332 1683 1355 unum

140 1372 188 1410 de
209 1373 408 1411 scutiferis
429 1375 588 1419 nostris,
611 1374 769 1412 easdem
791 1375 967 1413 Litteras
989 1376 1206 1413 Citatorias
1227 1374 1483 1419 deferentem,
1508 1373 1683 1410 Litteras

140 1428 244 1475 ipsas
278 1428 499 1473 ostendere,
535 1429 719 1474 lacerare,
756 1434 877 1478 atque
910 1442 1040 1467 ceram
1076 1443 1153 1479 qua
1187 1429 1293 1467 dicte
1328 1429 1482 1466 Littere
1520 1428 1683 1464 fuerant

140 1481 312 1530 sigillate
333 1481 582 1519 terribilibus
602 1483 820 1520 insultibus
840 1483 1115 1521 inhumaniter
1135 1483 1380 1521 commedere
1405 1482 1684 1531 compulerunt

140 1535 338 1582 invitum,
368 1549 536 1585 quorum
557 1537 760 1574 occasione
789 1542 830 1574 et
860 1538 958 1574 alias
978 1537 1164 1588 impediti
1193 1551 1328 1575 secure
1357 1549 1437 1574 non
1467 1536 1680 1585 potuimus,

140 1602 211 1625 nec
245 1590 331 1626 ausi
365 1589 526 1636 fuimus,
562 1595 682 1639 prout
714 1604 785 1628 nec
819 1591 1022 1637 audemus,
1058 1591 1235 1630 Litteras
1266 1595 1419 1629 vestras
1454 1589 1683 1640 hujusmodi

140 1644 283 1691 exequi
302 1656 391 1680 cum
412 1644 592 1681 effectu.''
649 1644 731 1682 The
752 1645 1008 1695 Archbishop
1029 1646 1118 1692 had,
1141 1646 1183 1683 of
1202 1659 1350 1691 course,
1367 1644 1490 1682 heard
1511 1644 1552 1681 of
1572 1644 1684 1681 these

140 1702 337 1746 outrages,
359 1697 438 1735 and
460 1697 509 1736 he
530 1697 599 1735 did
621 1703 692 1736 not
713 1700 809 1736 wait
828 1699 890 1737 for
911 1700 979 1737 the
999 1700 1143 1737 formal
1173 1704 1309 1750 report
1337 1699 1378 1737 of
1406 1699 1469 1736 his
1496 1698 1684 1736 Commis-

142 1751 263 1787 saries
297 1751 444 1794 (which
474 1765 554 1788 was
583 1752 716 1798 dated,
747 1757 791 1790 at
822 1754 982 1800 Exeter,
1013 1767 1064 1792 on
1094 1754 1163 1792 the
1193 1754 1264 1791 4th
1285 1753 1327 1792 of
1345 1753 1483 1801 June),
1506 1752 1580 1790 but
1599 1765 1684 1802 pro-

142 1804 284 1841 ceeded
308 1810 350 1842 to
370 1807 457 1843 deal
480 1805 577 1843 with
599 1806 668 1844 the
689 1807 885 1845 offenders
915 1812 958 1845 at
987 1821 1110 1855 once,
1140 1809 1303 1859 issuing,
1335 1821 1386 1845 on
1415 1807 1485 1844 the
1516 1806 1614 1843 29th
1643 1806 1684 1843 of

144 1859 271 1906 April,
304 1859 364 1896 his
397 1859 597 1906 Mandate,
630 1861 809 1899 directed
839 1866 881 1898 to
910 1862 979 1900 the
1008 1862 1226 1900 Precentor
1254 1861 1334 1899 and
1365 1861 1524 1899 Canons
1553 1860 1595 1898 of
1614 1860 1683 1897 the

144 1911 371 1958 Cathedral,
397 1913 485 1951 “ad
509 1914 834 1953 denunciandum
863 1917 1227 1954 excommunicatos
1256 1915 1519 1966 impedientes
1547 1927 1685 1952 execu-

143 1966 295 2002 cioncm
316 1967 438 2016 ipsius
460 1968 684 2005 Mandati.'’
740 1969 835 2007 This
858 1983 936 2008 was
956 1970 1134 2020 speedily
1154 1970 1338 2008 followed
1362 1969 1415 2020 by
1435 1983 1458 2006 a
1487 1967 1683 2006 Mandate

146 2024 187 2056 to
207 2020 284 2057 cite
304 2020 373 2058 the
395 2021 542 2072 Bishop
562 2022 732 2068 himself,
758 2024 868 2061 “viis
897 2031 939 2062 et
968 2024 1130 2070 modis,”
1159 2024 1279 2062 dated
1309 2028 1353 2061 at
1374 2024 1525 2061 Exeter
1543 2035 1593 2060 on
1615 2022 1684 2060 the

147 2073 215 2108 ssth
238 2087 245 2117 ;
291 2074 385 2110 with
423 2075 529 2112 what
564 2077 688 2113 result
723 2077 791 2114 the
826 2079 1039 2115 precentor
1077 2078 1265 2123 certified,
1301 2091 1350 2116 on
1391 2077 1460 2114 the
1500 2077 1601 2121 2lst,
1640 2089 1683 2113 as

145 2126 306 2173 follows,
319 2133 392 2156 ——“
406 2129 530 2178 Cujus
551 2132 793 2168 auctoritate
813 2132 1003 2170 Mandati
1023 2134 1147 2170 vestri
1168 2132 1398 2179 reverendi,
1418 2132 1511 2182 quia
1530 2130 1681 2168 dictum

146 2180 426 2219 Venerabilem
450 2183 623 2229 Patrem,
642 2185 703 2222 vel
725 2185 1028 2228 Procuratorem
1048 2186 1238 2236 ejusdem,
1256 2186 1437 2224 invenire
1456 2198 1535 2222 non
1556 2184 1680 2234 potui,

144 2233 293 2284 absque
325 2235 520 2275 dilacione
552 2251 799 2289 quacumque
831 2240 882 2277 ad
913 2240 1115 2278 Palacium
1146 2241 1187 2278 in
1217 2240 1395 2278 Civitate
1422 2238 1684 2289 personaliter

144 2289 300 2348 accessi,
318 2289 369 2326 ad
384 2291 590 2328 citandum
606 2292 788 2330 eumdem
802 2294 922 2343 juxta
937 2295 1183 2344 exigenciam
1199 2293 1389 2332 Mandati
1403 2293 1526 2331 vestri
1542 2304 1682 2329 memo-

145 2348 248 2402 ratr,
270 2342 413 2393 ibique,
436 2357 566 2382 coram
588 2345 764 2384 Custode
780 2347 879 2385 dicti
899 2347 1050 2386 Palacii
1070 2361 1115 2386 ac
1130 2349 1218 2385 aliis
1239 2349 1345 2386 notis
1360 2352 1401 2385 et
1416 2345 1682 2384 familiaribus

142 2394 240 2432 dlctl
264 2398 404 2443 Patris,
429 2398 667 2436 Mandatum
698 2405 886 2447 vestrum,
912 2406 956 2439 ut
985 2402 1212 2447 mandatur,
1234 2402 1447 2452 publicavi,
1478 2405 1520 2438 et
1547 2401 1588 2437 in
1618 2398 1682 2437 die

142 2450 322 2496 proximo
344 2455 439 2487 tunc
461 2454 653 2501 sequenti,
677 2454 864 2492 videlicet
886 2456 1004 2493 Festo
1034 2455 1219 2506 Corporis
1249 2456 1401 2494 Christi
1435 2454 1583 2506 [which
1611 2453 1680 2491 fell

142 2515 190 2538 on
214 2503 281 2540 the
303 2504 372 2540 9th
394 2505 434 2541 of
452 2506 561 2543 «June
590 2507 631 2543 in
665 2508 804 2557 1384],
836 2509 877 2545 in
909 2510 1085 2547 Ecclesia
1115 2509 1347 2547 Cathedrali
1378 2508 1607 2553 Exoniensi,
1638 2507 1679 2543 in

140 2558 343 2603 presencia
364 2558 524 2596 Notarii
546 2560 701 2597 Publici
723 2562 1082 2613 Ministrorumque
1105 2564 1281 2613 ejusdem
1312 2563 1493 2608 Ecclesie,
1515 2575 1561 2599 ac
1589 2561 1680 2597 alio-

140 2621 225 2668 rum
248 2611 411 2669 testium
432 2613 790 2662 infrascriptorum,
813 2617 995 2654 eumdem
1017 2617 1299 2656 Venerabilem
1323 2619 1490 2661 Patrem,
1515 2614 1679 2652 Publice

139 2661 355 2724 Citacioiris
376 2665 507 2703 edicto
528 2680 596 2715 per
616 2681 677 2705 me
698 2669 855 2717 publice
883 2671 1097 2720 proposito,
1129 2671 1179 2708 ad
1209 2669 1516 2720 comparendum
1546 2680 1677 2705 coram

138 2715 259 2761 v0b1s‚
292 2716 409 2755 dictis
439 2719 502 2757 die
531 2724 572 2757 et
601 2721 695 2767 1000,
725 2735 814 2760 cum
835 2725 1140 2762 continuacione
1159 2729 1201 2763 et
1220 2724 1502 2774 prorogacione
1522 2722 1676 2759 dierum

197 2831 204 2850 ¹
234 2835 355 2871 Usflot,
374 2837 445 2867 MS.
461 2852 466 2873 ;
492 2848 511 2868 a
529 2839 666 2870 clerica]
683 2850 790 2871 error.
