1907 3212
161 263 255 308 676

159 375 234 401 ΑΙ).

162 411 234 435 1388.

162 442 222 467 Vol.
241 441 263 467 1.

161 551 206 577 sol.
224 554 280 578 194.

376 275 475 308 THE
517 274 756 308 REGISTER
792 274 852 306 OF
884 273 1060 307 BISHOP
1095 271 1494 306 BRANTYNGHAM.

309 388 415 409 sensu
431 378 586 409 omnium
603 380 639 408 et
656 377 872 417 singulorum
891 376 1146 407 Canonicorum
1163 378 1248 407 tunc
1263 375 1492 416 presencium,
1511 382 1616 414 super
1631 371 1698 402 hoc

312 422 414 461 plena
428 429 462 452 et
479 422 637 461 diligenti
652 421 905 452 deliberacione
915 420 1109 460 prehabita,
1121 420 1165 450 ad
1177 420 1317 451 laudem
1333 422 1369 450 et
1384 419 1552 449 honorem
1569 416 1696 448 exalta-

312 466 515 505 cioncmque
540 466 630 496 dicte
649 465 780 505 Sponse
797 467 926 503 nostre,
944 465 1223 495 ordinaverimus
1245 464 1336 504 quod
1352 464 1388 494 in
1404 463 1465 494 illa
1480 472 1562 493 area
1578 462 1699 491 nostra

315 520 380 549 que
405 510 534 540 dicitur
557 509 819 549 Calenderehay
836 509 959 540 domus
982 511 1220 548 competentes
1235 511 1271 539 et
1286 508 1442 546 honeste,
1458 508 1580 546 utpote
1597 504 1697 541 Aula,

319 554 474 591 Camere,
493 554 658 593 Coqnina,
677 564 717 584 ac
734 556 851 584 cetera
866 553 1002 584 edificia
1019 553 1215 583 necessaria
1230 562 1292 592 pro
1308 552 1462 592 ipsorum
1478 550 1697 581 vicariorum

315 598 576 628 cohabitacione
589 598 729 638 vitaque
740 597 926 636 communi,
940 597 1155 637 quamcicius
1166 597 1345 627 commode
1357 595 1511 626 construi
1521 594 1698 634 poterant,

315 642 562 672 edificarentur
572 644 607 672 et
619 644 906 673 construerentur
915 642 1047 681 pariter
1059 641 1214 678 indilate,
1231 640 1498 680 hujusmodique
1515 648 1610 678 opus,
1622 639 1698 667 tan-

316 696 419 725 quam
431 686 527 725 pium
544 688 579 716 et
592 686 693 716 valde
705 686 933 724 meritorium,
950 686 987 715 in
999 685 1122 716 Cultus
1136 684 1252 715 Divini
1269 687 1498 723 augmentum
1511 683 1698 713 dictorum-

316 740 380 769 que
398 730 617 760 Vicariorum
635 730 917 761 cohabitancium
935 729 1094 767 salutem,
1119 728 1350 766 commodum,
1375 730 1411 758 et
1434 727 1597 767 quietem,
1626 726 1699 755 Deo

315 777 502 813 annuente,
516 775 682 814 perficere
698 774 981 814 proposuerimus
997 776 1033 804 et
1049 773 1192 813 insuper
1208 781 1460 810 consummare,
1471 772 1513 801 de
1524 768 1700 801 communi

316 828 487 849 consensu
504 822 539 848 et
561 828 706 849 assensu
727 828 890 858 expresso
911 818 1067 849 omnium
1092 823 1128 848 et
1153 817 1370 856 singulorum
1393 815 1647 846 Canonicorum
1664 815 1701 843 et

315 862 534 893 Vicariorum
553 863 707 894 Ecclesie
726 865 846 893 nostre
862 862 998 902 prefate
1016 865 1100 892 tunc
1123 861 1352 901 presencium,
1371 859 1649 890 ordinaverimus
1665 860 1701 888 et

317 907 544 938 statuerimus
561 907 651 947 quod
674 917 794 938 omnes
818 910 854 937 et
878 906 1007 945 singuli
1023 906 1114 936 dicte
1133 905 1286 936 Ecclesie
1302 904 1434 935 Vicarii
1451 904 1509 944 qui
1525 905 1610 933 tunc
1626 902 1700 932 fue-

317 954 408 989 rant,
426 954 461 981 et
485 951 610 981 amodo
634 951 721 981 inibi
745 957 858 989 erunt,
882 951 919 980 in
943 950 1144 990 hujusmodi
1160 949 1331 987 domibus,
1347 949 1384 978 in
1399 947 1538 988 prefata
1553 956 1646 984 area,
1662 947 1704 976 ut

316 995 543 1034 premittitur,
564 995 809 1026 construendis
833 995 1047 1035 quamcicius
1070 994 1214 1032 fuerint,
1239 995 1479 1033 competenter
1502 992 1702 1022 constructe

314 1039 448 1069 fuerint
465 1042 499 1070 et
517 1042 647 1079 aptate,
664 1040 701 1069 in
718 1040 839 1070 eadem
856 1039 947 1069 Aula
971 1038 1194 1069 comederent
1211 1038 1246 1068 in
1263 1036 1440 1068 communi
1454 1050 1461 1074 3
1486 1035 1649 1075 alioquin,
1665 1034 1702 1064 111

317 1083 410 1113 dicta
428 1084 584 1114 Ecclesia
600 1086 720 1114 nostra
736 1083 844 1113 nichil
860 1083 1002 1114 interim
1013 1082 1233 1122 perciperent
1245 1091 1381 1122 quoquo
1396 1080 1510 1118 modo,
1526 1089 1591 1110 nec
1607 1078 1701 1117 alibi,

316 1128 437 1167 quovis
454 1128 590 1167 quesito
611 1128 725 1158 colore
748 1127 805 1158 vel
828 1128 1031 1166 fingmento,
1056 1129 1092 1157 et
1114 1126 1278 1166 precipue
1295 1126 1332 1155 111
1348 1124 1508 1155 domibus
1524 1123 1702 1160 laicorum,

317 1182 351 1202 se
366 1173 560 1211 reficerent,
572 1172 639 1202 nisi
650 1182 729 1202 cum
741 1172 940 1212 specialiter
954 1171 1088 1201 fuerint
1098 1170 1237 1200 invitati
1249 1184 1257 1207 ;
1281 1170 1340 1200 ubi
1354 1171 1439 1199 tunc
1449 1168 1536 1199 adeo
1546 1167 1703 1198 modeste

317 1226 352 1246 se
370 1216 541 1246 haberent
556 1218 591 1246 et
607 1216 754 1247 honeste
776 1216 867 1256 quod
883 1226 925 1246 ex
949 1226 1068 1246 eorum
1093 1215 1213 1254 inepta
1235 1213 1446 1254 loquacitate
1464 1213 1517 1243 vel
1534 1213 1637 1252 gestu
1652 1211 1702 1241 in-

317 1260 455 1291 decenti
466 1261 600 1290 nullum
615 1260 769 1291 Ecclesie
781 1260 983 1291 scandalum
995 1261 1192 1299 generetur,
1205 1268 1266 1289 seu
1276 1258 1326 1289 eis
1336 1258 1391 1288 vel
1403 1257 1481 1287 aliis
1491 1256 1704 1296 vituperium

317 1305 475 1335 eveniret
499 1315 560 1335 seu
584 1305 786 1344 dampnum,
810 1306 846 1335 et
870 1304 928 1344 qui
952 1305 988 1334 in
1012 1304 1080 1334 hiis
1104 1303 1234 1342 reperti
1258 1302 1393 1332 fuerint
1417 1304 1704 1341 transgressores,

314 1348 415 1388 juxta
432 1349 639 1388 qualitatem
663 1359 824 1380 excessus
848 1358 939 1388 pena
962 1348 1135 1387 condigna
1158 1347 1378 1386 infligeretur
1404 1345 1545 1383 eisdem,
1563 1354 1604 1375 ac
1619 1354 1703 1374 non-

318 1393 415 1422 nulla
439 1393 508 1423 alia
532 1393 574 1423 de
593 1403 764 1424 consensu
788 1395 823 1423 et
847 1402 991 1423 assensu
1009 1392 1182 1422 dictorum
1198 1390 1428 1428 Vicariorum‚
1453 1389 1495 1419 de
1519 1388 1704 1426 fructibus,

318 1437 522 1475 redditibus,
535 1439 570 1467 et
581 1437 809 1476 proventibus
819 1437 863 1467 ad
874 1437 1013 1467 eosdem
1024 1436 1182 1467 Vicarios
1192 1434 1450 1475 pertinentibus
1461 1433 1553 1463 inter
1565 1432 1704 1463 eosdem

318 1481 366 1511 sic
384 1481 626 1512 cohabitantes
643 1484 679 1511 et
694 1481 853 1512 viventes
870 1479 1179 1518 communicandis,
1197 1485 1232 1510 et
1248 1478 1321 1509 vita
1338 1488 1457 1508 eorum
1475 1476 1652 1508 communi
1668 1476 1705 1506 in

318 1525 421 1555 dictis
453 1525 623 1563 domibus,
656 1535 737 1556 cum
769 1527 969 1556 constructe
994 1524 1138 1562 fuerint,
1165 1523 1342 1560 ducenda3
1374 1521 1610 1561 nonnullaque
1637 1520 1706 1550 alia

315 1569 456 1599 eosdem
480 1569 638 1600 Vicarios
663 1569 913 1600 concernencia
936 1569 1003 1599 rite
1028 1570 1064 1599 et
1089 1567 1262 1598 Canonice
1286 1565 1575 1603 ordinaverimus,
1600 1566 1704 1604 prout

317 1613 382 1644 heo
399 1616 434 1643 et
451 1614 519 1643 alia
536 1614 572 1643 in
595 1613 825 1644 Ordinacione
850 1615 970 1644 nostra
994 1612 1075 1643 inde
1099 1611 1204 1650 facta,
1229 1611 1274 1642 ad
1297 1620 1401 1650 quam
1426 1620 1487 1640 vos
1510 1609 1707 1646 referimus,

318 1657 455 1697 plenius
479 1657 743 1695 deseribuntur3
777 1668 872 1697 quas,
904 1657 1054 1697 quidem,
1087 1655 1263 1693 Cameras,
1296 1654 1499 1694 Coqujnam,
1523 1656 1559 1684 et
1590 1655 1708 1684 cetera

319 1702 455 1732 edificia
478 1702 675 1732 necessaria
698 1712 761 1741 pro
785 1702 939 1741 ipsorum
964 1700 1183 1731 Vicariorum
1208 1698 1480 1736 cohabitacione,
1503 1697 1631 1728 Divina
1647 1706 1706 1727 an-

320 1748 449 1776 nuente
459 1746 658 1784 clemencia,
667 1755 730 1785 per
741 1756 871 1776 annum
882 1745 955 1785 jam
964 1745 1120 1784 elapsum
1132 1743 1286 1775 construi
1297 1743 1445 1774 fecimus
1456 1743 1707 1781 competenter.

320 1790 374 1819 Ad
390 1792 560 1829 nostrum,
578 1792 708 1829 tamen,
722 1800 763 1820 ex
780 1790 1035 1828 fidedignorum
1059 1788 1262 1819 testimonio
1285 1797 1326 1817 ac
1349 1786 1446 1817 fama
1462 1786 1602 1826 publica
1617 1784 1706 1815 refe-

322 1836 433 1872 rente,
451 1834 590 1864 noviter
606 1834 765 1873 pervenit
778 1834 937 1864 auditum
949 1833 1039 1873 quod
1050 1833 1180 1872 prefati
1194 1831 1323 1862 Vicarii
1336 1830 1537 1871 hujusmodi
1549 1831 1706 1860 nostram

321 1878 589 1908 Ordinacionem
614 1879 799 1909 observare
823 1878 1023 1918 aliqualiter
1044 1887 1114 1907 non
1138 1878 1316 1914 curarunt,
1334 1878 1387 1906 set
1411 1885 1489 1905 eam
1513 1873 1707 1913 infringere

320 1924 355 1952 et
380 1923 510 1953 violare
538 1923 781 1962 multipliciter
807 1925 940 1953 temere
971 1923 1260 1961 presumpserunt
1286 1919 1399 1950 indies
1426 1927 1462 1949 et
1487 1920 1705 1958 presumunt.

323 1966 425 1997 Unde
448 1967 468 1997 J
471 1977 534 1997 ura
550 1967 605 1997 vel
624 1967 766 1997 Statuta
783 1966 942 2004 condere,
960 1966 1027 1996 nisi
1052 1966 1123 1996 sint
1139 1965 1197 2005 qui
1222 1975 1264 1995 ea
1279 1965 1456 2001 tueantur,
1473 1962 1638 1992 frivolum
1655 1971 1706 1992 re-

321 2014 496 2050 putamus.
543 2011 661 2048 Vobis,
678 2011 796 2050 igitur,
815 2011 1048 2041 communiter
1072 2012 1107 2040 et
1130 2009 1279 2046 divisim,
1296 2008 1332 2037 in
1349 2007 1481 2037 virtute
1499 2005 1707 2037 Obediencie
1749 2036 1752 2039 ,

323 2057 359 2084 ct
387 2055 450 2085 sub
479 2055 623 2095 Majoris
650 2054 1034 2085 Excommunicacionis
1061 2064 1151 2093 pena
1179 2053 1327 2083 firmiter
1351 2051 1587 2091 injungentes,
1615 2060 1706 2081 com·

324 2099 498 2129 mittimus
515 2102 551 2129 et
575 2099 783 2129 mandamus
800 2099 966 2139 quatinus
988 2098 1145 2138 prefatos
1161 2097 1328 2135 Vicarios,
1346 2105 1467 2126 omnes
1483 2097 1519 2126 et
1541 2094 1708 2134 singulos,

324 2143 446 2181 primo,
461 2143 623 2181 secundo,
637 2146 672 2173 et
685 2143 795 2173 tercio
808 2153 848 2173 ac
865 2142 1109 2182 peremptorie,
1122 2141 1279 2181 legitime
1292 2139 1464 2170 moneatis
1475 2141 1510 2170 et
1521 2138 1709 2169 efficaciter

324 2187 499 2217 inducatis
516 2190 555 2217 ut
580 2187 848 2217 Ordinacionem
873 2189 1029 2226 nostram
1054 2185 1265 2226 hujusmodi,
1289 2184 1383 2214 infra
1406 2183 1597 2214 terminum
1617 2192 1707 2213 eom-

324 2233 504 2269 petentem
522 2231 557 2261 in
574 2231 650 2270 ipsa
668 2231 898 2262 Ordinacione
914 2231 1116 2268 limitatum,
1134 2229 1299 2260 studeant
1316 2228 1510 2265 observare,
1528 2227 1592 2258 sub
1608 2226 1708 2266 penis

326 2275 363 2304 in
379 2275 499 2305 eadem
515 2275 745 2305 Ordinacione
758 2275 825 2305 rite
837 2278 871 2306 et
885 2274 1058 2305 Canonice
1075 2273 1317 2313 promulgatis.
1362 2271 1536 2311 Alioquin,
1548 2271 1576 2301 si
1590 2270 1709 2311 hujus-

328 2319 421 2348 modi
440 2319 694 2349 Monicionibus
711 2319 838 2350 vestris
854 2329 923 2350 nou
940 2319 1122 2358 paruerint
1138 2327 1217 2348 cum
1235 2317 1373 2354 effectu,
1390 2325 1498 2355 penas
1513 2315 1550 2345 in
1564 2314 1708 2345 Ordina-

328 2363 425 2393 cione
436 2363 574 2402 prefata
586 2366 739 2394 statutas
750 2365 871 2393 contra
885 2363 1041 2403 singulos
1051 2361 1253 2403 hujusmodi
1264 2361 1410 2391 rebelles
1421 2363 1457 2390 et
1468 2358 1710 2389 inobedientes

329 2407 458 2437 curetis
475 2407 590 2437 debite
607 2417 797 2438 excercere.
844 2407 900 2437 Ad
916 2417 982 2447 que
1005 2407 1175 2446 premissa
1199 2405 1371 2443 facienda,
1388 2404 1496 2442 vobis,
1515 2405 1550 2434 et
1566 2402 1710 2434 cuilibet

329 2454 494 2489 vestrum,
512 2454 632 2481 tenore
650 2451 874 2482 Presencium
891 2451 1145 2481 committimus
1161 2450 1254 2481 vices
1270 2451 1418 2486 nostras,
1432 2458 1511 2478 cum
1524 2446 1711 2487 cujuslibet

329 2495 544 2525 cohercionis
560 2495 734 2526 Canonice
750 2498 935 2534 potestate.
983 2495 1033 2525 De
1051 2495 1116 2532 die,
1133 2504 1224 2532 vero,
1241 2492 1454 2532 recepcionis
1475 2490 1709 2528 Preseneium,

329 2539 459 2578 etquid
473 2539 629 2570 feceritis
646 2539 681 2569 in
692 2539 882 2578 premissis,
899 2549 972 2577 nos,
984 2539 1073 2570 citra
1091 2539 1233 2569 Festum
1250 2536 1387 2567 Natalis
1405 2535 1543 2566 Domini
1553 2534 1711 2574 proximo

328 2582 400 2622 jam
425 2582 595 2621 futurum,
621 2583 821 2614 certificetis
846 2583 972 2614 Literis
996 2583 1123 2613 vestris
1147 2581 1358 2622 patentibus,
1384 2579 1594 2610 habentibus
1617 2578 1711 2608 hunc

330 2629 498 2665 tenorem,
524 2627 637 2666 sigillo
661 2627 838 2658 autentico
862 2627 1263 2667 consignatis.--Datum
1288 2625 1323 2655 in
1349 2623 1504 2654 Manerio
1527 2624 1647 2653 nostro
1669 2622 1711 2652 de

331 2670 439 2710 Clyst,
464 2674 588 2710 quarto
613 2671 667 2701 die
691 2671 822 2702 mensis
846 2671 1063 2710 Novembris,
1087 2671 1190 2700 Anno
1214 2669 1354 2700 Domini
1379 2667 1562 2698 Millesimo
1580 2665 1710 2697 CCCm⁰

330 2714 454 2744 Ixxme
470 2718 603 2753 octavo,
620 2718 655 2746 et
673 2715 955 2746 Consecracionis
972 2717 1089 2746 nostre
1105 2714 1240 2745 decimo
1255 2722 1358 2744 nono.

286 2789 435 2827 Exeter
449 2804 458 2837 3
489 2790 546 2827 St.
570 2791 896 2841 Mary-Major‚—

287 2844 447 2883 Thomas,
464 2848 540 2884 etc.‚
558 2846 698 2877 Decano
723 2846 1000 2877 Christianitatis
1023 2848 1142 2877 nostre
1166 2844 1328 2876 Civitatis
1353 2840 1568 2880 Exoniensis‚
1593 2839 1708 2880 singu·
