1907 3212
840 345 1072 380 PREFAOE.
1595 343 1728 374 XXXV

234 455 432 495 recipiendo
449 455 688 485 Penitenciam
706 454 916 494 hujusmodi,
934 453 1142 492 ubicumque
1160 454 1244 482 tune
1263 451 1432 482 Dominus
1454 449 1562 480 fuerit
1586 449 1621 478 in
1647 448 1727 478 Pro-

235 500 350 530 vincia
367 509 430 530 sua
447 499 704 530 Cantuariensi.
751 498 978 529 Presentibns
996 501 1080 527 tunc
1096 497 1225 526 ibidem
1246 496 1415 535 Magistro
1433 494 1546 524 Adam
1572 493 1613 523 de
1641 493 1727 522 Mot-

236 546 342 581 trum,
375 544 590 574 Cancellario
622 543 771 580 Domini,
802 543 971 580 Magistro
1002 541 1161 571 Johanne
1194 541 1357 579 Prophet,
1386 539 1535 569 Domino
1567 537 1728 576 Philippo

237 588 403 627 Roggers,
421 598 461 618 ac
484 588 562 618 aliis
585 588 621 617 in
646 587 874 617 multitudine
899 589 983 616 tunc
1007 586 1136 615 ibidem
1161 584 1392 623 congregatis,
1415 586 1451 614 et
1475 592 1530 612 me
1555 581 1728 612 Willelmo

237 632 395 672 Hornby.

191 692 210 706 “
225 693 419 723 Penitencicz
438 692 484 722 eis
502 692 657 731 injuncta
675 702 736 730 per
752 691 991 729 Dominum,—

193 747 210 761 “
227 747 492 777 Memorandum
510 747 600 786 quod
618 747 719 787 xviij⁰
737 747 791 776 die
808 745 940 776 mensis
957 744 1175 782 Novembris,
1193 744 1356 774 videlicet
1380 743 1415 773 in
1441 742 1584 773 Octabis
1610 740 1730 771 Sancti

238 792 393 828 Martini,
424 792 527 821 Anno
560 791 699 821 Domini
734 790 918 820 Millesimo
950 789 1082 819 CCC¹¹¹0
1110 789 1190 818 lxxx
1222 788 1316 828 iiith,
1345 788 1381 817 in
1414 786 1556 825 Capella
1588 785 1731 815 Privata

238 836 385 865 Manerii
403 836 444 865 de
463 835 666 869 Lmnhethe,
685 837 956 874 comparuerunt
974 833 1206 872 personaliter
1229 842 1345 862 coram
1372 831 1521 861 Domino
1547 829 1730 860 Cantuari-

239 880 313 910 ensi
345 879 615 918 Archiepiscopo
648 879 840 908 Willelmus
882 877 1069 916 Hughlote,
1100 877 1278 906 Johannes
1311 875 1455 912 Usflete,
1487 878 1521 904 et
1552 874 1731 904 Johannes

242 923 503 960 Maundeware;
521 923 645 962 quibus
662 923 753 953 idem
773 922 942 952 Dominus
957 921 1221 951 Cantuariensis
1239 919 1478 950 Penitenciam
1497 918 1730 957 subscriptam

239 967 412 1007 injunxit3
438 967 611 1003 videlicet,
630 967 720 1006 quod
738 966 884 1006 quilibet
901 976 1030 1002 eorum,
1049 965 1163 1004 aliquo
1183 964 1318 1004 Duplici
1345 964 1449 994 Festo
1474 963 1563 993 citra
1588 962 1731 992 Festum

240 1012 372 1041 Pasche
389 1012 546 1050 proximo
564 1021 655 1041 nunc
679 1010 850 1047 futurum,
869 1020 985 1039 coram
1011 1009 1236 1039 Processione
1260 1009 1295 1037 in
1323 1007 1488 1038 Ecclesiis
1514 1006 1731 1036 Cathedrali-

239 1055 303 1085 bus
322 1056 462 1092 Exonie,
481 1055 749 1091 Londoniarum,
768 1058 803 1084 et
821 1054 1019 1090 Cantuarie,
1038 1054 1102 1083 ibit
1120 1053 1233 1083 nudus
1250 1052 1372 1091 capud,
1392 1051 1554 1081 defexens
1571 1051 1606 1079 in
1624 1050 1732 1079 mani-

239 1099 304 1128 bus
336 1100 408 1129 suis
439 1099 585 1138 quilibet
616 1109 736 1129 eorum
765 1109 872 1128 unum
902 1108 1040 1128 cereum
1069 1097 1233 1136 ponderis
1258 1097 1294 1136 iij
1322 1096 1501 1131 librarum,
1527 1104 1612 1134 quos
1640 1095 1735 1124 intra

239 1143 424 1173 Missarum
459 1143 668 1181 Soleinpnia,
692 1146 771 1181 post
798 1143 1027 1180 Evangeliuni
1053 1141 1202 1176 finitum,
1229 1141 1300 1170 Deo
1324 1143 1359 1170 et
1386 1140 1539 1169 Ecclesie
1564 1138 1732 1175 offerent3

240 1187 413 1226 iidemque
434 1187 634 1223 Willelmus,
651 1187 839 1221 Johannes,
857 1189 892 1216 et
916 1186 1095 1215 Johannes
1119 1185 1210 1224 apud
1238 1185 1396 1214 tumbam
1423 1183 1562 1213 Domini
1588 1182 1735 1212 Comitis

240 1231 404 1268 Devonie,
422 1241 533 1270 nuper
550 1230 708 1260 defuncti
725 1234 760 1260 et
778 1231 813 1259 in
832 1231 926 1259 (licta
952 1230 1107 1260 Ecclesia
1131 1229 1333 1259 Cathedrali
1360 1228 1491 1257 Exonie
1516 1226 1654 1266 sepulti,
1673 1236 1734 1265 pro

239 1275 349 1315 ipsius
373 1275 491 1304 anima
514 1278 769 1314 parentumque
795 1284 935 1303 suorum
961 1276 995 1303 et
1020 1273 1175 1302 omnium
1202 1273 1370 1302 Fidelinm
1398 1271 1656 1307 defunctorum,
1674 1280 1736 1309 per

239 1329 369 1349 annum
388 1319 603 1356 continuum,
622 1328 730 1348 unum
749 1318 977 1356 Capellanum
995 1318 1171 1357 ydoneum
1195 1317 1324 1346 ibidem
1343 1316 1599 1346 celebraturum
1620 1325 1735 1353 sump-

238 1363 333 1394 tibus
349 1373 468 1393 eorum
487 1363 637 1402 propriis
653 1363 853 1398 invenient3
879 1372 919 1392 ac
941 1362 1095 1400 ipsorum
1121 1361 1267 1400 quilibet
1292 1361 1441 1390 solveret
1460 1360 1584 1397 viginti
1610 1359 1737 1389 solidos

241 1407 285 1437 ad
299 1407 561 1446 reparacionem
576 1416 752 1436 murorum
767 1406 929 1436 Civitatis
941 1405 1146 1441 Cantuarie3
1164 1415 1297 1434 necnon
1316 1405 1468 1434 Litteras
1482 1403 1738 1434 testimoniales

241 1461 346 1491 super
364 1451 567 1481 Penitencia
583 1451 785 1490 hujusmodi
803 1460 865 1490 per
882 1450 974 1489 ipsos
991 1450 1145 1488 plenarie
1163 1449 1348 1488 completa,
1367 1448 1490 1485 sigillis
1515 1451 1587 1477 tam
1606 1447 1736 1477 Prioris

240 1498 276 1526 et
294 1495 495 1526 Conventus
514 1494 703 1525 Cantuarie
720 1504 824 1534 quam
839 1495 1057 1524 Decanoruin
1079 1493 1310 1523 Ecclesiarum
1328 1492 1590 1522 Cathedraliuin
1607 1491 1736 1520 Exonie

240 1542 276 1570 et
301 1540 559 1570 Londoniarum
583 1539 821 1578 predictarum
846 1539 1014 1576 signatas,
1039 1537 1177 1577 prefato
1203 1537 1352 1567 Domino
1378 1536 1623 1566 Cantuariensi
1649 1535 1738 1566 citra

241 1584 383 1614 Festum
402 1583 533 1614 Pasche
550 1583 747 1623 predictum
765 1583 1003 1622 deportarent.
1052 1582 1277 1611 Presentibus
1302 1584 1386 1610 tnnc
1410 1580 1539 1610 ibidem
1560 1580 1737 1615 Magistris

239 1628 317 1658 Ada
333 1628 376 1658 de
395 1628 574 1665 Mottrum,
594 1627 809 1658 Cancellario
829 1627 977 1664 Domini,
991 1626 1151 1656 Johanne
1170 1626 1333 1665 Prophet,
1350 1625 1555 1662 Secretario,
1571 1624 1738 1654 Nicholao

242 1672 411 1712 Hadeley,
429 1674 464 1702 et
482 1682 536 1702 me
556 1672 728 1702 Willelmo
748 1671 906 1710 Hornby.

198 1737 216 1751 “
227 1737 406 1768 Absolucio
424 1747 537 1768 eorum
554 1737 612 1775 qui
629 1737 843 1775 deliquerunt
860 1736 953 1774 apud
972 1735 1210 1774 :repes-ham,—

197 1791 215 1806 “
230 1793 434 1830 Willelmus,
451 1795 528 1830 etc.,
546 1792 707 1822 omnibus
731 1795 766 1822 et
791 1792 938 1831 singulis
964 1790 1113 1821 subditis
1137 1790 1276 1827 nostris,
1302 1800 1364 1829 per
1388 1794 1526 1819 nostras
1551 1788 1740 1819 Civitatem

242 1847 283 1867 ac
308 1837 527 1867 Provinciam
552 1836 823 1867 Cantuarienses
852 1835 999 1865 ubilibet
1024 1835 1237 1871 constitutis,
1263 1835 1422 1869 salutem,
1448 1833 1652 1872 etc—Quia
1676 1843 1740 1864 nos

243 1881 455 1912 Willelmum
475 1880 873 1920 Hughelot,Johanne1n
892 1879 1036 1917 Usflete‚
1050 1882 1085 1908 et
1101 1879 1297 1909 ,Iohannem
1319 1878 1574 1915 Maundeware,
1589 1877 1740 1908 Venera-

243 1925 323 1956 bilis
340 1925 474 1956 Fratris
491 1925 612 1962 nostri,
632 1925 772 1955 Domini
798 1924 938 1960 Thome,
958 1923 1020 1953 Dei
1045 1923 1164 1962 gracia
1190 1923 1397 1952 Exoniensis
1422 1922 1594 1961 Episcopi,
1612 1921 1740 1951 famili-

243 1979 330 2006 ares,
347 1972 491 2009 propter
514 1969 805 2008 impedimentum
831 1971 949 1998 nostre
975 1967 1198 1997 Visitacionis
1224 1966 1491 2006 Metropolitice,
1515 1968 1550 1996 et
1573 1966 1740 1996 Jurisdic-

243 2014 352 2044 cionis
377 2013 621 2044 Ecclesiastice
645 2023 751 2053 quam
774 2013 810 2042 in
837 2012 988 2042 Civitate
1013 2016 1048 2041 et
1073 2011 1210 2041 Diocesi
1236 2011 1492 2041 Exoniensibus
1517 2020 1628 2049 nuper
1644 2020 1740 2041 exer-

245 2058 390 2095 cuimus,
404 2067 445 2088 ac
461 2058 571 2088 eciam
586 2057 813 2087 maniFestum
831 2058 1073 2096 contemptum
1091 2055 1191 2085 nobis
1208 2065 1249 2085 ac
1266 2055 1411 2085 Litteris
1428 2057 1464 2085 et
1481 2054 1594 2094 sigillo
1612 2054 1742 2085 nostris

245 2102 332 2132 alias
366 2104 620 2142 perpetratum,
651 2101 794 2141 Majoris
828 2099 1213 2130 Excommunicacionis
1250 2099 1438 2130 Sentencia
1469 2099 1743 2138 dampnabiliter

245 2146 431 2184 involutos,
456 2145 500 2175 ab
524 2145 646 2175 eadem
673 2144 1055 2175 Excommunicacionis
1082 2143 1268 2173 Sentencia
1291 2143 1543 2173 absolverimus
1567 2143 1603 2173 in
1627 2142 1743 2173 forma

247 2190 402 2220 Ecclesie
426 2192 616 2226 consueta3
640 2189 749 2227 vobis,
767 2192 802 2219 et
826 2189 971 2219 cuilibet
988 2191 1155 2225 vestrum,
1174 2187 1430 2218 committimus
1454 2197 1495 2217 ac
1519 2187 1668 2217 firmiter
1691 2187 1741 2217 in-

244 2234 424 2274 jungendo
449 2233 659 2264 mandamus
683 2233 848 2273 quatinus
873 2233 985 2263 dictos
1009 2232 1232 2265 Willelmum.
1257 2232 1466 2268 «Iohannem,
1484 2234 1520 2262 et
1543 2231 1741 2262 Johannem

246 2278 296 2309 sic
318 2288 381 2318 per
404 2287 467 2308 nos
490 2277 600 2308 fuisse
624 2281 660 2308 et
684 2287 760 2308 esse
783 2277 973 2315 absolutos,
1001 2276 1177 2317 quociens,
1201 2276 1272 2314 ubi,
1297 2278 1332 2306 et
1357 2276 1495 2316 quando
1518 2285 1581 2315 per
1605 2282 1741 2315 partem

247 2322 449 2353 eorumdem
474 2322 632 2362 requisiti
656 2321 807 2359 fueritis,
831 2321 969 2361 publice
992 2320 1187 2357 nuncietis3
1220 2324 1402 2360 presentes
1428 2320 1580 2350 Litteras
1604 2322 1742 2350 nostras

246 2370 326 2406 post
343 2366 586 2397 execucionem
606 2375 738 2403 earum,
755 2368 895 2396 retenta
910 2374 1017 2404 penes
1033 2375 1094 2395 vos
1112 2365 1212 2404 copia
1228 2364 1432 2395 earumdem
1450 2364 1478 2394 si
1495 2373 1571 2393 eam
1590 2363 1742 2403 petierit,

246 2411 340 2451 parti
357 2410 531 2441 dictorum
548 2410 723 2447 Willelmi,
740 2409 922 2446 «lobannis,
941 2412 977 2439 et
993 2409 1164 2439 Jobannis
1188 2409 1348 2448 protinus
1372 2408 1602 2438 retradentes.
1651 2408 1744 2438 Data

247 2454 340 2494 apud
365 2454 570 2491 Lamhethe,
587 2454 644 2484 xix
668 2454 723 2484 die
751 2453 967 2491 Novembris,
985 2453 1088 2483 Anno
1113 2452 1253 2483 Domini
1280 2452 1340 2482 M0.
1360 2451 1490 2482 CCC¹¹¹0
1515 2451 1690 2491 lxxxiiijto,
1707 2453 1743 2481 et

248 2502 368 2548 nostre
385 2498 642 2528 Translacionis
659 2500 793 2538 quarto.

285 2561 368 2598 The
398 2561 585 2610 Register
614 2561 655 2597 of
684 2561 834 2610 Bishop
865 2559 1182 2609 Brantyngham,
1205 2572 1247 2596 as
1277 2560 1316 2595 in
1348 2559 1416 2596 the
1445 2571 1533 2596 case
1561 2558 1603 2595 of
1631 2558 1743 2596 those

204 2615 246 2653 of
265 2615 325 2652 his
348 2614 635 2658 Predecessors‚
659 2615 702 2659 is,
721 2614 762 2651 of
781 2627 928 2657 course,
952 2613 1171 2650 concerned
1195 2613 1343 2662 mainly
1362 2613 1457 2649 witli
1481 2612 1548 2649 the
1570 2613 1743 2650 rontine-

207 2669 316 2707 work
337 2668 378 2705 of
398 2668 466 2705 the
488 2668 831 2705 Administration
861 2667 902 2704 of
931 2667 999 2704 the
1030 2667 1204 2703 Diocese.
1266 2667 1307 2703 It
1336 2679 1414 2703 was
1436 2679 1530 2715 very
1551 2666 1744 2716 cai-efully

206 2723 326 2772 kept;
357 2721 435 2759 and
459 2722 527 2759 the
548 2734 761 2758 numerous
783 2721 945 2757 Entries
965 2733 1031 2757 are
1052 2721 1292 2757 continuous
1322 2720 1422 2757 from
1454 2719 1673 2769 beginning
1703 2725 1745 2757 to

207 2776 296 2822 end,
318 2775 398 2813 and
427 2776 502 2813 full
531 2775 573 2812 of
601 2775 842 2821 interesting
871 2773 1026 2811 details.
1088 2774 1130 2810 It
1160 2773 1290 2810 would
1321 2773 1379 2818 be,
1408 2774 1654 2823 practicallv,
1678 2774 1746 2810 im-

207 2829 379 2880 possible
410 2834 453 2867 to
485 2829 574 2867 deal
608 2828 706 2865 with
741 2828 850 2866 them
889 2828 942 2864 all
974 2827 1113 2864 within
1148 2827 1215 2865 the
1245 2828 1369 2864 limits
1398 2827 1440 2864 of
1467 2841 1519 2864 an
1557 2827 1746 2876 ordinary

209 2883 374 2923 Preface
388 2897 398 2929 ;
428 2883 585 2922 neither
603 2884 636 2920 is
657 2883 690 2921 it
711 2895 919 2932 necessary
940 2887 982 2918 to
1001 2886 1178 2931 attempt
1207 2886 1249 2918 to
1269 2881 1320 2918 do
1341 2894 1393 2926 so,
1416 2894 1459 2919 as
1489 2881 1558 2919 the
1586 2882 1747 2931 copious
