1907 3212
164 465 260 491 v01.1.

379 299 478 332 THE
514 299 754 333 REGISTER
789 299 850 332 OF
884 299 1062 333 BISHOP
1096 299 1498 334 BRANTYNGHAM.

320 405 458 441 tempus
475 403 509 432 in
527 403 700 442 obsequiis
716 404 751 432 et
768 402 904 433 familia
920 402 1055 434 Nobilis
1072 403 1156 439 Viri,
1176 403 1314 434 Domini
1336 404 1477 442 Thome,
1496 403 1634 433 Domini
1659 403 1700 433 de

320 446 510 486 Berkeleye
522 447 540 459 '’
562 445 687 487 (myst,
706 448 725 476 5
743 444 861 486 Now).

270 500 591 546 Confessions‚-

274 555 419 587 Licence
442 559 479 586 to
500 556 586 586 hear
603 556 838 595 Confessions,
856 559 932 595 etc.,
950 557 1099 596 granted
1119 554 1173 597 (in
1190 557 1243 587 the
1260 567 1408 587 common
1419 555 1538 597 form),
1555 557 1611 587 for
1635 566 1699 587 one

315 609 409 674 {gari
437 603 479 684 to)
500 601 651 631 Brother
676 601 825 631 Thomas
851 601 1019 640 Hortone,
1043 611 1064 632 a
1088 601 1319 632 Friar-Minor
1349 601 1387 632 of
1411 602 1538 633 Exeter
1573 599 1699 641 (Clyst,

375 658 390 674 Λ
411 655 461 675 ov.
487 669 493 675 .

270 688 409 727 —Also‚
427 691 462 719 to
488 689 638 719 Brother
659 689 752 720 John
785 689 977 728 Laurencii,
1001 700 1021 720 a
1047 689 1334 720 Friar-Preacher
1360 687 1485 730 (Clyst,
1507 690 1550 719 22
1572 687 1699 728 Nov.);

315 733 394 770 and,
423 744 467 763 on
493 733 553 763 the
582 743 677 764 same
703 733 780 773 day,
806 738 843 764 to
868 734 1018 764 Brother
1042 734 1211 764 Benedict
1235 734 1384 774 Lugans,
1410 734 1543 764 “Sacre
1568 733 1699 772 Pagine

315 777 540 816 Professori,’'
559 777 658 808 Prior
674 777 710 808 of
726 779 786 808 the
805 778 923 809 House
941 778 977 808 of
993 778 1053 809 the
1071 778 1395 809 Friars-Preachers
1412 778 1448 809 of
1465 778 1584 808 Truro.

160 829 230 859 [ΟΕ-
273 830 422 868 Exeter
438 844 448 878 ,·
484 831 660 868 Monieio
679 838 816 869 contra
834 831 1021 879 sedantes
1047 838 1081 869 et
1111 832 1353 869 maculantes
1381 838 1414 868 et
1443 832 1700 881 depravantes

160 870 235 888 caan

159 898 238 926 aaa]

327 884 539 922 Cimiterz‘a
558 892 591 922 et
610 886 714 923 Loca
734 885 857 923 ,S'acra
881 886 1068 924 Civitatis
1086 886 1392 932 Ea‘oozwiensisffl-

271 940 430 978 Thomas,
448 944 525 979 etc.,
546 941 686 972 Decano
711 941 988 972 Christianitatis
1011 943 1130 972 nostre
1156 941 1317 972 Civitatis
1342 941 1557 979 Exoniensis,
1575 950 1615 971 ac
1632 941 1698 971 Do-

155 1735 273 1761 stss.20L

315 985 408 1015 mino
431 985 609 1023 Nicholao,
627 986 766 1016 Rectori
792 985 945 1016 Ecclesie
970 986 1078 1016 Beate
1104 986 1212 1016 Marie
1238 986 1392 1026 Majoris,
1410 985 1639 1025 omnibusque
1664 988 1699 1015 et

314 1030 460 1069 singulis
485 1030 721 1060 Ecclesiarum
737 1032 773 1060 et
791 1030 1012 1069 Capellarum
1037 1030 1121 1061 dicti
1146 1030 1346 1060 Decanatus
1370 1030 1520 1067 Curatis,
1539 1029 1699 1066 salutem,

313 1076 413 1104 eto-
427 1074 515 1104 Cum
532 1074 683 1104 Domum
703 1074 843 1104 Domini
865 1075 987 1105 deceat
1012 1074 1221 1113 sanctitudo,
1239 1084 1279 1104 ac
1296 1074 1487 1104 secundum
1505 1069 1700 1104 Canonicas

312 1120 348 1147 et
375 1118 551 1157 legitimas
583 1118 802 1156 Sancciones,
828 1128 963 1149 necnon
996 1118 1204 1149 Sanctorum
1236 1119 1381 1149 Patrum
1408 1118 1698 1156 Constituciones,

313 1162 419 1192 Sacra
435 1162 535 1200 Loca,
554 1166 589 1193 et
605 1163 790 1202 presertim
816 1163 971 1193 Ecclesia
994 1165 1115 1193 nostra
1140 1163 1359 1193 Cathedralis
1384 1162 1515 1192 Exonie
1532 1165 1568 1192 et
1584 1164 1698 1192 cetere

313 1206 466 1237 Ecclesie
491 1207 649 1247 ejusdem
676 1207 847 1245 Civitatis,
876 1209 911 1237 et
940 1206 1122 1237 Cimiteria
1141 1207 1352 1245 earumdem,
1376 1207 1412 1236 in
1437 1206 1561 1246 quibus
1587 1206 1699 1236 multa

313 1250 519 1281 Sanctorum
537 1254 572 1281 et
589 1252 835 1282 salvandorum
853 1261 998 1291 corpora
1021 1252 1252 1289 tumulantur,
1270 1252 1307 1281 in
1323 1261 1453 1290 magna
1469 1250 1698 1281 veneracione

311 1298 346 1325 et
367 1295 568 1326 reverencia
588 1295 709 1326 haberi
733 1298 769 1326 et
790 1296 833 1326 ab
850 1296 945 1326 omni
963 1296 1180 1326 inmundicia
1203 1296 1353 1326 debeant
1376 1295 1553 1332 custodiri,
1578 1304 1622 1325 ne
1639 1294 1698 1324 ho-

310 1340 445 1370 minum
463 1340 517 1370 vel
533 1340 715 1370 brutorum
734 1340 938 1370 animalium
952 1340 1111 1371 sordibus
1127 1340 1364 1377 maculentur;
1386 1339 1554 1377 nonnulli,
1567 1340 1697 1377 tamen,

310 1384 376 1414 viri
400 1386 435 1414 et
460 1384 634 1422 mulieres,
659 1384 717 1424 qui
741 1384 785 1414 ad
809 1394 918 1414 annos
943 1384 1167 1415 discrecionis
1190 1386 1437 1424 pervenerunt,
1463 1383 1638 1414 Ecclesias
1662 1387 1696 1413 et

313 1427 494 1458 Cimiteria
515 1429 551 1458 in
575 1428 715 1468 prefata
733 1428 884 1459 Civitate
907 1431 943 1459 et
968 1428 1133 1459 suburbio
1157 1428 1315 1469 ejusdem
1341 1429 1482 1466 situata,
1500 1430 1539 1457 ut
1556 1437 1597 1457 ex
1614 1427 1695 1457 fide-

311 1473 495 1512 dignorum
520 1473 722 1503 testimonio
738 1473 946 1512 accepimus,
964 1473 1143 1512 deturpari
1160 1476 1195 1503 et
1214 1472 1382 1503 maculari
1399 1482 1519 1502 eorum
1537 1471 1697 1501 sordibus

310 1527 379 1547 non
395 1519 571 1555 verentur,
588 1517 625 1547 in
641 1517 740 1548 ostiis
758 1517 993 1548 Ecclesiarum
1015 1517 1253 1556 predictarum
1270 1520 1305 1547 et
1323 1516 1513 1547 Cimiteriis
1530 1515 1697 1555 predictis

309 1561 446 1600 pondus
468 1562 629 1592 naturale
651 1564 687 1591 et
711 1562 925 1601 superfluum
950 1561 1164 1601 deponendo.
1213 1561 1314 1592 Unde
1337 1561 1454 1591 evenit
1477 1563 1517 1590 ut
1541 1560 1696 1590 abhomi—

310 1605 410 1635 nacio
435 1605 575 1636 Curatis
598 1605 765 1645 predictis
787 1607 822 1635 et
838 1615 958 1636 eorum
982 1605 1204 1645 parochianis
1228 1608 1372 1645 paretur
1389 1610 1424 1635 et
1441 1605 1583 1641 oriatur,
1601 1603 1696 1634 inde-

310 1650 475 1690 vocioque
492 1650 610 1689 populi
634 1652 779 1687 crescat,
796 1659 836 1680 ac
852 1650 1095 1680 Processiones
1120 1649 1251 1680 Diebus
1276 1649 1520 1688 Solenipnibus
1544 1658 1606 1688 per
1631 1647 1695 1678 Cu-

310 1696 405 1724 ratos
427 1694 584 1734 prefatos
601 1694 676 1724 fieri
694 1696 858 1724 consuete
882 1694 1043 1733 nequiter
1064 1694 1313 1733 impediuntur,
1331 1693 1367 1723 in
1385 1693 1509 1723 Divine
1527 1693 1696 1723 offensam

310 1748 380 1769 non
396 1738 570 1769 modicam
589 1738 804 1777 Magestatis.
842 1737 1009 1777 Quocirca
1025 1738 1134 1776 vobis,
1151 1737 1385 1768 communiter
1400 1740 1435 1768 et
1453 1737 1602 1775 divisim,
1619 1739 1696 1775 etc.,

310 1783 518 1813 mandamus
542 1783 707 1822 quatinus
730 1782 853 1822 primo,
879 1782 1041 1821 secundo,
1066 1785 1101 1812 et
1125 1782 1234 1812 tercio
1259 1792 1299 1813 ac
1314 1781 1558 1821 peremptorie,
1576 1790 1697 1811 omnes

311 1830 344 1857 et
363 1827 518 1866 singulos
542 1827 578 1857 in
601 1826 781 1867 premissis
806 1826 1047 1866 delinquentes
1069 1827 1226 1866 legitime
1250 1827 1287 1857 in
1311 1836 1437 1865 genere
1462 1825 1633 1856 moneatis
1657 1827 1697 1855 ut

311 1872 354 1901 ab
370 1871 572 1912 hujusmodi
597 1871 755 1902 sordibus
779 1874 814 1901 et
838 1871 1135 1901 maculacionibus
1159 1871 1329 1901 Locorum
1355 1870 1539 1900 Sacrorum
1563 1869 1695 1909 predic·

311 1919 427 1946 torum
456 1916 498 1946 de
527 1918 643 1946 cetero
670 1915 841 1946 faciendis
873 1918 1011 1946 cessent
1041 1915 1181 1956 penitus
1209 1918 1244 1945 et
1272 1914 1465 1952 desistant3
1496 1914 1696 1944 inhibentes

310 1960 426 1999 palam
443 1963 478 1990 et
495 1969 655 1999 expresse
672 1969 716 1990 ne
733 1960 809 1999 quis
825 1960 1053 1999 imposterum
1077 1959 1162 1990 talia
1179 1959 1399 1990 committere
1422 1961 1554 1988 temere
1577 1968 1695 1998 presu-

311 2007 395 2042 mat,
423 2004 487 2034 sub
516 2004 660 2045 Majoris
692 2004 1076 2034 Excommunicacionis
1107 2013 1198 2044 pena
1228 2003 1263 2033 in
1295 2003 1599 2034 contravenientes
1626 2012 1695 2032 nen

311 2049 475 2079 inmerito
492 2048 720 2079 fulminande.
767 2048 812 2079 Et
829 2048 911 2088 quid
927 2047 1091 2086 feceritis,
1109 2047 1336 2079 etc.—Dated
1353 2050 1389 2078 at
1405 2047 1514 2088 Clyst,
1533 2047 1575 2076 14
1591 2046 1673 2077 Dec.

265 2103 727 2152 Letters-Dimissory‚—

265 2158 358 2188 John
376 2158 581 2196 Fairweder,
599 2158 754 2198 accolite,
772 2157 845 2189 “ad
863 2167 984 2189 omnes
1002 2157 1125 2189 Sacros
1143 2157 1291 2188 Ordines
1304 2157 1323 2170 ’⁷
1344 2154 1455 2196 (same
1472 2153 1584 2196 date).

262 2209 646 2261 Testamentary,¹—-

266 2266 426 2304 Thomas,
454 2269 531 2305 etc.,
557 2266 703 2297 Officiali
726 2268 845 2297 nostre
863 2265 1054 2297 Peculiaris
1069 2265 1090 2296 J
1093 2265 1334 2296 urisdiccionis
1350 2264 1387 2295 in
1405 2263 1598 2301 Cornubia3
1616 2273 1693 2294 nec-

309 2320 390 2349 non,
408 2311 557 2341 Decanis
575 2310 863 2349 Christianitatis,
881 2314 957 2348 etc.,
974 2320 1014 2341 ac
1027 2310 1069 2340 de
1083 2310 1146 2340 Est
1160 2312 1195 2340 et
1208 2309 1314 2347 West,
1325 2311 1361 2340 et
1373 2308 1512 2339 Curatis
1525 2307 1693 2338 Ecclesia-

309 2365 387 2385 rum
405 2355 448 2385 de
466 2354 668 2395 Mahynyet‚
687 2354 874 2394 Lyskerde,
891 2357 927 2385 et
944 2354 1064 2385 Sancti
1082 2353 1250 2393 Stephani
1266 2353 1367 2394 juxta
1383 2352 1586 2391 Saltaische,
1604 2351 1693 2382 salu-

309 2402 391 2438 tem,
409 2398 610 2430 etc-Cum
629 2399 854 2429 Testamenta
870 2408 1166 2438 quarumcumque
1180 2398 1360 2428 Nobilium
1373 2397 1605 2428 Personarum
1616 2405 1692 2426 nos-

311 2446 446 2474 trarum
463 2443 626 2473 Civitatis
641 2445 677 2474 et
691 2443 856 2482 Diocesis,
873 2443 908 2473 in
926 2443 1067 2481 eisdem,
1086 2452 1147 2473 seu
1160 2452 1280 2472 earum
1296 2442 1416 2480 altera,
1433 2443 1495 2472 aut
1511 2443 1619 2478 extra,
1637 2440 1693 2470 de-

311 2487 523 2526 cedencium,
541 2487 718 2518 insinuare
735 2489 770 2517 et
787 2487 996 2526 examinare,
1021 2496 1082 2518 seu
1105 2486 1230 2516 saltem
1254 2486 1457 2526 approbare,
1481 2487 1517 2515 et
1541 2485 1694 2516 Ultimas

310 2531 520 2562 Voluntates
545 2531 747 2562 earumdem
765 2531 868 2569 tueri,
884 2541 1020 2562 necnon
1045 2530 1308 2569 Executoribus,
1325 2539 1410 2570 quos
1425 2529 1462 2559 in
1479 2529 1550 2560 suis
1573 2528 1692 2569 hujus-

310 2575 404 2606 modi
437 2575 683 2616 deputaverint
710 2575 955 2614 Testamentis,
983 2574 1319 2605 Administraciones
1349 2574 1519 2604 bonorum
1551 2582 1692 2603 suorum

310 2619 501 2658 mobilium,
518 2620 553 2649 in
572 2619 723 2650 civitate
741 2621 776 2650 et
793 2619 929 2650 Diocesi
949 2619 1078 2650 nostris
1101 2618 1303 2659 hujusmodi
1319 2618 1527 2658 ubicumque
1543 2617 1692 2647 existen-

311 2664 413 2702 cium,
445 2663 675 2702 committere,
707 2663 929 2703 ipsorumque
967 2663 1201 2694 Executorum
1233 2662 1384 2693 calculos
1415 2671 1476 2692 seu
1506 2660 1694 2691 raciocinia

311 2718 414 2747 super
431 2708 580 2748 receptis
597 2711 633 2738 et
648 2708 905 2739 administratis
928 2707 1123 2738 reddendos
1140 2706 1278 2746 exigere
1295 2708 1330 2737 et
1347 2706 1478 2744 audire,
1495 2714 1535 2735 ac
1551 2704 1689 2735 eosdem

156 2763 225 2812 ῑΙη
243 2782 302 2812 the
320 2782 457 2821 margin
474 2782 503 2813 is
519 2783 670 2820 written,
695 2783 732 2812 in
755 2792 775 2812 a
799 2783 888 2812 later
1001 2782 1113 2812 cholai
1141 2780 1352 2820 Braybroke,
1378 2789 1489 2819 nuper
1511 2778 1691 2809 Archidia-

200 2827 262 2856 but

308 2829 369 2855 not
422 2829 541 2856 recent
589 2825 886 2856 hand—“Citacio
999 2826 1075 2856 coni
1094 2824 1298 2856 Cornubie.’'

200 2872 322 2901 contra
354 2869 606 2901 Execucionem
639 2870 799 2910 Magistri
828 2870 886 2901 Ni-
