<?xml version="1.0" encoding="UTF-8"?>
<!DOCTYPE html PUBLIC "-//W3C//DTD XHTML 1.0 Transitional//EN"
    "http://www.w3.org/TR/xhtml1/DTD/xhtml1-transitional.dtd">
<html xmlns="http://www.w3.org/1999/xhtml" xml:lang="en" lang="en">
 <head>
  <title>
</title>
<meta http-equiv="Content-Type" content="text/html;charset=utf-8" />
  <meta name='ocr-system' content='tesseract 3.04.00' />
  <meta name='ocr-capabilities' content='ocr_page ocr_carea ocr_par ocr_line ocrx_word'/>
</head>
<body>
  <div class='ocr_page' id='page_1' title='image "./registerofthomas02cathuoft_0025.png"; bbox 0 0 1907 3212; ppageno 0'>
   <div class='ocr_carea' id='block_1_1' title="bbox 0 787 5 1727">
    <p class='ocr_par' dir='ltr' id='par_1_1' title="bbox 0 787 5 1727">
     <span class='ocr_line' id='line_1_1' title="bbox 0 787 5 1727; baseline 0 0"><span class='ocrx_word' id='word_1_1' title='bbox 0 787 5 1727; x_wconf 95' lang='lat' dir='ltr'> </span> 
     </span>
    </p>
   </div>
   <div class='ocr_carea' id='block_1_2' title="bbox 832 336 1723 385">
    <p class='ocr_par' dir='ltr' id='par_1_2' title="bbox 832 336 1723 385">
     <span class='ocr_line' id='line_1_2' title="bbox 832 336 1723 385; baseline -0.003 -1"><span class='ocrx_word' id='word_1_2' title='bbox 832 351 1062 385; x_wconf 77' lang='lat' dir='ltr'><strong>PREFACE.</strong></span> <span class='ocrx_word' id='word_1_3' title='bbox 1640 336 1723 382; x_wconf 80' lang='lat' dir='ltr'>xix</span> 
     </span>
    </p>
   </div>
   <div class='ocr_carea' id='block_1_3' title="bbox 170 455 1722 2823">
    <p class='ocr_par' dir='ltr' id='par_1_3' title="bbox 170 455 1722 2823">
     <span class='ocr_line' id='line_1_3' title="bbox 182 455 1721 508; baseline 0 -15"><span class='ocrx_word' id='word_1_4' title='bbox 182 460 278 493; x_wconf 88' lang='lat' dir='ltr'>tunc</span> <span class='ocrx_word' id='word_1_5' title='bbox 307 458 561 507; x_wconf 89' lang='lat' dir='ltr'>sequencium</span> <span class='ocrx_word' id='word_1_6' title='bbox 590 461 631 495; x_wconf 91' lang='lat' dir='ltr'>et</span> <span class='ocrx_word' id='word_1_7' title='bbox 659 458 832 495; x_wconf 90' lang='lat' dir='ltr'>locorum</span> <span class='ocrx_word' id='word_1_8' title='bbox 866 458 971 508; x_wconf 87' lang='lat' dir='ltr'>[viz.,</span> <span class='ocrx_word' id='word_1_9' title='bbox 1001 470 1052 494; x_wconf 92' lang='lat' dir='ltr'>on</span> <span class='ocrx_word' id='word_1_10' title='bbox 1082 456 1150 494; x_wconf 86' lang='lat' dir='ltr'>the</span> <span class='ocrx_word' id='word_1_11' title='bbox 1180 456 1268 494; x_wconf 91' lang='lat' dir='ltr'>first</span> <span class='ocrx_word' id='word_1_12' title='bbox 1295 455 1489 494; x_wconf 85' lang='lat' dir='ltr'>Juridical</span> <span class='ocrx_word' id='word_1_13' title='bbox 1518 456 1607 506; x_wconf 86' lang='lat' dir='ltr'>day,</span> <span class='ocrx_word' id='word_1_14' title='bbox 1633 460 1721 502; x_wconf 90' lang='lat' dir='ltr'>etc.,</span> 
     </span>
     <span class='ocr_line' id='line_1_4' title="bbox 179 510 1722 561; baseline 0 -14"><span class='ocrx_word' id='word_1_15' title='bbox 179 510 285 548; x_wconf 86' lang='lat' dir='ltr'>after</span> <span class='ocrx_word' id='word_1_16' title='bbox 306 511 374 548; x_wconf 88' lang='lat' dir='ltr'>the</span> <span class='ocrx_word' id='word_1_17' title='bbox 396 512 492 548; x_wconf 76' lang='lat' dir='ltr'>24th</span> <span class='ocrx_word' id='word_1_18' title='bbox 514 511 555 548; x_wconf 82' lang='lat' dir='ltr'>of</span> <span class='ocrx_word' id='word_1_19' title='bbox 574 513 714 560; x_wconf 82' lang='lat' dir='ltr'>June]‚</span> <span class='ocrx_word' id='word_1_20' title='bbox 736 516 855 561; x_wconf 88' lang='lat' dir='ltr'>prout</span> <span class='ocrx_word' id='word_1_21' title='bbox 882 511 1033 548; x_wconf 90' lang='lat' dir='ltr'>dictum</span> <span class='ocrx_word' id='word_1_22' title='bbox 1064 510 1305 547; x_wconf 87' lang='lat' dir='ltr'>Mandatum</span> <span class='ocrx_word' id='word_1_23' title='bbox 1335 514 1514 547; x_wconf 85' lang='lat' dir='ltr'>vestrum</span> <span class='ocrx_word' id='word_1_24' title='bbox 1544 523 1722 548; x_wconf 90' lang='lat' dir='ltr'>reveren-</span> 
     </span>
     <span class='ocr_line' id='line_1_5' title="bbox 179 564 1720 614; baseline 0 -13"><span class='ocrx_word' id='word_1_25' title='bbox 179 564 274 601; x_wconf 91' lang='lat' dir='ltr'>dum</span> <span class='ocrx_word' id='word_1_26' title='bbox 295 566 421 614; x_wconf 85' lang='lat' dir='ltr'>exigit</span> <span class='ocrx_word' id='word_1_27' title='bbox 441 572 482 603; x_wconf 90' lang='lat' dir='ltr'>et</span> <span class='ocrx_word' id='word_1_28' title='bbox 504 567 681 614; x_wconf 75' lang='lat' dir='ltr'><strong>requirit,</strong></span> <span class='ocrx_word' id='word_1_29' title='bbox 705 566 968 614; x_wconf 80' lang='lat' dir='ltr'>peremptorie</span> <span class='ocrx_word' id='word_1_30' title='bbox 993 566 1115 601; x_wconf 87' lang='lat' dir='ltr'>citavi</span> <span class='ocrx_word' id='word_1_31' title='bbox 1133 578 1141 609; x_wconf 87' lang='lat'>;</span> <span class='ocrx_word' id='word_1_32' title='bbox 1172 564 1333 601; x_wconf 86' lang='lat' dir='ltr'>tandem</span> <span class='ocrx_word' id='word_1_33' title='bbox 1355 565 1395 600; x_wconf 89' lang='lat' dir='ltr'>in</span> <span class='ocrx_word' id='word_1_34' title='bbox 1419 564 1544 601; x_wconf 86' lang='lat' dir='ltr'>valvis</span> <span class='ocrx_word' id='word_1_35' title='bbox 1565 564 1720 613; x_wconf 80' lang='lat' dir='ltr'>prefate</span> 
     </span>
     <span class='ocr_line' id='line_1_6' title="bbox 181 618 1720 668; baseline 0 -14"><span class='ocrx_word' id='word_1_36' title='bbox 181 618 355 656; x_wconf 88' lang='lat' dir='ltr'>Ecclesie</span> <span class='ocrx_word' id='word_1_37' title='bbox 389 619 642 656; x_wconf 85' lang='lat' dir='ltr'>Cathedralis</span> <span class='ocrx_word' id='word_1_38' title='bbox 678 619 918 656; x_wconf 83' lang='lat' dir='ltr'>Mandatum</span> <span class='ocrx_word' id='word_1_39' title='bbox 950 624 1126 656; x_wconf 85' lang='lat' dir='ltr'>vestrum</span> <span class='ocrx_word' id='word_1_40' title='bbox 1156 618 1407 655; x_wconf 84' lang='lat' dir='ltr'>antedictum</span> <span class='ocrx_word' id='word_1_41' title='bbox 1437 619 1543 668; x_wconf 80' lang='lat' dir='ltr'>affigi</span> <span class='ocrx_word' id='word_1_42' title='bbox 1563 618 1650 663; x_wconf 84' lang='lat' dir='ltr'>feci,</span> <span class='ocrx_word' id='word_1_43' title='bbox 1674 625 1720 654; x_wconf 90' lang='lat' dir='ltr'>ut</span> 
     </span>
     <span class='ocr_line' id='line_1_7' title="bbox 179 672 1718 722; baseline 0 -14"><span class='ocrx_word' id='word_1_44' title='bbox 179 672 405 718; x_wconf 84' lang='lat' dir='ltr'>mandatur,</span> <span class='ocrx_word' id='word_1_45' title='bbox 437 672 535 710; x_wconf 90' lang='lat' dir='ltr'>adeo</span> <span class='ocrx_word' id='word_1_46' title='bbox 564 673 668 722; x_wconf 89' lang='lat' dir='ltr'>quod</span> <span class='ocrx_word' id='word_1_47' title='bbox 698 673 926 722; x_wconf 87' lang='lat' dir='ltr'>hujusmodi</span> <span class='ocrx_word' id='word_1_48' title='bbox 955 672 1110 709; x_wconf 84' lang='lat' dir='ltr'>Citacio</span> <span class='ocrx_word' id='word_1_49' title='bbox 1138 672 1187 708; x_wconf 78' lang='lat' dir='ltr'>ad</span> <span class='ocrx_word' id='word_1_50' title='bbox 1218 673 1342 720; x_wconf 90' lang='lat' dir='ltr'>ipsius</span> <span class='ocrx_word' id='word_1_51' title='bbox 1372 672 1506 709; x_wconf 85' lang='lat' dir='ltr'>Patris</span> <span class='ocrx_word' id='word_1_52' title='bbox 1528 673 1718 709; x_wconf 82' lang='lat' dir='ltr'>noticiam</span> 
     </span>
     <span class='ocr_line' id='line_1_8' title="bbox 178 725 1718 776; baseline 0 -14"><span class='ocrx_word' id='word_1_53' title='bbox 178 727 448 764; x_wconf 87' lang='lat' dir='ltr'>verisimiliter</span> <span class='ocrx_word' id='word_1_54' title='bbox 465 727 596 764; x_wconf 88' lang='lat' dir='ltr'>valeat</span> <span class='ocrx_word' id='word_1_55' title='bbox 614 725 865 776; x_wconf 83' lang='lat' dir='ltr'>pervenire.&#39;&#39;¹</span> <span class='ocrx_word' id='word_1_56' title='bbox 923 726 985 764; x_wconf 93' lang='lat' dir='ltr'>On</span> <span class='ocrx_word' id='word_1_57' title='bbox 1003 726 1070 763; x_wconf 88' lang='lat' dir='ltr'>the</span> <span class='ocrx_word' id='word_1_58' title='bbox 1089 726 1185 762; x_wconf 80' lang='lat' dir='ltr'>25th</span> <span class='ocrx_word' id='word_1_59' title='bbox 1202 727 1244 762; x_wconf 83' lang='lat' dir='ltr'>of</span> <span class='ocrx_word' id='word_1_60' title='bbox 1258 727 1362 763; x_wconf 82' lang='lat' dir='ltr'>June</span> <span class='ocrx_word' id='word_1_61' title='bbox 1380 726 1446 763; x_wconf 89' lang='lat' dir='ltr'>the</span> <span class='ocrx_word' id='word_1_62' title='bbox 1464 725 1718 775; x_wconf 86' lang='lat' dir='ltr'>Archbishop</span> 
     </span>
     <span class='ocr_line' id='line_1_9' title="bbox 178 779 1716 824; baseline 0 -8"><span class='ocrx_word' id='word_1_63' title='bbox 178 780 358 817; x_wconf 82' lang='lat' dir='ltr'>resumed</span> <span class='ocrx_word' id='word_1_64' title='bbox 389 781 448 817; x_wconf 77' lang='lat' dir='ltr'>his</span> <span class='ocrx_word' id='word_1_65' title='bbox 484 780 708 818; x_wconf 87' lang='lat' dir='ltr'>Visitation</span> <span class='ocrx_word' id='word_1_66' title='bbox 742 781 783 818; x_wconf 79' lang='lat' dir='ltr'>of</span> <span class='ocrx_word' id='word_1_67' title='bbox 820 780 888 817; x_wconf 88' lang='lat' dir='ltr'>the</span> <span class='ocrx_word' id='word_1_68' title='bbox 923 779 1235 824; x_wconf 75' lang='lat' dir='ltr'>Cathed1·al‚-“</span> <span class='ocrx_word' id='word_1_69' title='bbox 1254 780 1460 816; x_wconf 79' lang='lat' dir='ltr'>Recitavit</span> <span class='ocrx_word' id='word_1_70' title='bbox 1490 780 1582 816; x_wconf 89' lang='lat' dir='ltr'>viva</span> <span class='ocrx_word' id='word_1_71' title='bbox 1612 792 1716 824; x_wconf 88' lang='lat' dir='ltr'>voce,</span> 
     </span>
     <span class='ocr_line' id='line_1_10' title="bbox 177 833 1715 883; baseline -0.001 -13"><span class='ocrx_word' id='word_1_72' title='bbox 177 833 337 879; x_wconf 87' lang='lat' dir='ltr'>ibidem,</span> <span class='ocrx_word' id='word_1_73' title='bbox 370 834 472 883; x_wconf 87' lang='lat' dir='ltr'>quod</span> <span class='ocrx_word' id='word_1_74' title='bbox 504 835 610 871; x_wconf 90' lang='lat' dir='ltr'>inter</span> <span class='ocrx_word' id='word_1_75' title='bbox 638 840 770 872; x_wconf 87' lang='lat' dir='ltr'>cetera</span> <span class='ocrx_word' id='word_1_76' title='bbox 800 836 966 871; x_wconf 81' lang='lat' dir='ltr'>Statuta</span> <span class='ocrx_word' id='word_1_77' title='bbox 995 833 1101 871; x_wconf 82' lang='lat' dir='ltr'>dicte</span> <span class='ocrx_word' id='word_1_78' title='bbox 1134 833 1306 870; x_wconf 65' lang='lat' dir='ltr'>Ecclesia</span> <span class='ocrx_word' id='word_1_79' title='bbox 1335 838 1422 870; x_wconf 91' lang='lat' dir='ltr'>erat</span> <span class='ocrx_word' id='word_1_80' title='bbox 1451 838 1650 870; x_wconf 86' lang='lat' dir='ltr'>statutum</span> <span class='ocrx_word' id='word_1_81' title='bbox 1673 834 1715 869; x_wconf 93' lang='lat' dir='ltr'>in</span> 
     </span>
     <span class='ocr_line' id='line_1_11' title="bbox 177 886 1716 938; baseline -0.001 -14"><span class='ocrx_word' id='word_1_82' title='bbox 177 887 325 932; x_wconf 83' lang='lat' dir='ltr'>eadem,</span> <span class='ocrx_word' id='word_1_83' title='bbox 366 894 407 925; x_wconf 91' lang='lat' dir='ltr'>et</span> <span class='ocrx_word' id='word_1_84' title='bbox 446 890 688 925; x_wconf 84' lang='lat' dir='ltr'>auctoritate</span> <span class='ocrx_word' id='word_1_85' title='bbox 732 889 867 938; x_wconf 81' lang='lat' dir='ltr'>Legati</span> <span class='ocrx_word' id='word_1_86' title='bbox 906 887 1018 925; x_wconf 83' lang='lat' dir='ltr'>Sedis</span> <span class='ocrx_word' id='word_1_87' title='bbox 1058 888 1289 936; x_wconf 88' lang='lat' dir='ltr'>Apostolice</span> <span class='ocrx_word' id='word_1_88' title='bbox 1328 886 1569 932; x_wconf 88' lang='lat' dir='ltr'>roboratum,</span> <span class='ocrx_word' id='word_1_89' title='bbox 1611 886 1716 936; x_wconf 90' lang='lat' dir='ltr'>quod</span> 
     </span>
     <span class='ocr_line' id='line_1_12' title="bbox 179 941 1716 986; baseline -0.001 -8"><span class='ocrx_word' id='word_1_90' title='bbox 179 941 371 979; x_wconf 83' lang='lat' dir='ltr'>Canonici</span> <span class='ocrx_word' id='word_1_91' title='bbox 392 942 585 979; x_wconf 77' lang='lat' dir='ltr'>habentes</span> <span class='ocrx_word' id='word_1_92' title='bbox 605 943 645 978; x_wconf 92' lang='lat' dir='ltr'>in</span> <span class='ocrx_word' id='word_1_93' title='bbox 667 942 776 979; x_wconf 84' lang='lat' dir='ltr'>dicta</span> <span class='ocrx_word' id='word_1_94' title='bbox 798 942 974 979; x_wconf 82' lang='lat' dir='ltr'>Ecclesia</span> <span class='ocrx_word' id='word_1_95' title='bbox 996 941 1215 978; x_wconf 82' lang='lat' dir='ltr'>Exoniensi</span> <span class='ocrx_word' id='word_1_96' title='bbox 1237 941 1380 986; x_wconf 83' lang='lat' dir='ltr'>firmas,</span> <span class='ocrx_word' id='word_1_97' title='bbox 1403 941 1436 977; x_wconf 91' lang='lat' dir='ltr'>si</span> <span class='ocrx_word' id='word_1_98' title='bbox 1464 941 1646 978; x_wconf 87' lang='lat' dir='ltr'>terminis</span> <span class='ocrx_word' id='word_1_99' title='bbox 1675 941 1716 977; x_wconf 92' lang='lat' dir='ltr'>in</span> 
     </span>
     <span class='ocr_line' id='line_1_13' title="bbox 177 995 1718 1044; baseline -0.001 -12"><span class='ocrx_word' id='word_1_100' title='bbox 177 1008 222 1032; x_wconf 91' lang='lat' dir='ltr'>eo</span> <span class='ocrx_word' id='word_1_101' title='bbox 243 997 409 1033; x_wconf 80' lang='lat' dir='ltr'>statutis</span> <span class='ocrx_word' id='word_1_102' title='bbox 431 997 563 1033; x_wconf 85' lang='lat' dir='ltr'>firmas</span> <span class='ocrx_word' id='word_1_103' title='bbox 583 1010 674 1033; x_wconf 83' lang='lat' dir='ltr'>suas</span> <span class='ocrx_word' id='word_1_104' title='bbox 694 996 802 1033; x_wconf 89' lang='lat' dir='ltr'>dicto</span> <span class='ocrx_word' id='word_1_105' title='bbox 823 996 1010 1044; x_wconf 84' lang='lat' dir='ltr'>Capitulo</span> <span class='ocrx_word' id='word_1_106' title='bbox 1032 995 1249 1032; x_wconf 82' lang='lat' dir='ltr'>Exoniensi</span> <span class='ocrx_word' id='word_1_107' title='bbox 1271 1008 1350 1031; x_wconf 89' lang='lat' dir='ltr'>non</span> <span class='ocrx_word' id='word_1_108' title='bbox 1380 995 1590 1040; x_wconf 74' lang='lat' dir='ltr'>solverent,</span> <span class='ocrx_word' id='word_1_109' title='bbox 1622 995 1718 1044; x_wconf 88' lang='lat' dir='ltr'>ipsis</span> 
     </span>
     <span class='ocr_line' id='line_1_14' title="bbox 178 1048 1718 1099; baseline 0 -13"><span class='ocrx_word' id='word_1_110' title='bbox 178 1049 301 1086; x_wconf 83' lang='lat' dir='ltr'>firmis</span> <span class='ocrx_word' id='word_1_111' title='bbox 336 1055 432 1086; x_wconf 83' lang='lat' dir='ltr'>tunc</span> <span class='ocrx_word' id='word_1_112' title='bbox 466 1056 600 1086; x_wconf 78' lang='lat' dir='ltr'>essent</span> <span class='ocrx_word' id='word_1_113' title='bbox 634 1051 719 1099; x_wconf 89' lang='lat' dir='ltr'>ipso</span> <span class='ocrx_word' id='word_1_114' title='bbox 751 1051 839 1099; x_wconf 86' lang='lat' dir='ltr'>jure</span> <span class='ocrx_word' id='word_1_115' title='bbox 875 1049 1034 1098; x_wconf 83' lang='lat' dir='ltr'>privati,</span> <span class='ocrx_word' id='word_1_116' title='bbox 1070 1054 1112 1086; x_wconf 91' lang='lat' dir='ltr'>et</span> <span class='ocrx_word' id='word_1_117' title='bbox 1145 1049 1264 1085; x_wconf 88' lang='lat' dir='ltr'>aliter</span> <span class='ocrx_word' id='word_1_118' title='bbox 1292 1049 1514 1097; x_wconf 83' lang='lat' dir='ltr'>Superioris</span> <span class='ocrx_word' id='word_1_119' title='bbox 1548 1048 1718 1086; x_wconf 86' lang='lat' dir='ltr'>arbitrio</span> 
     </span>
     <span class='ocr_line' id='line_1_15' title="bbox 176 1102 1718 1153; baseline -0.001 -13"><span class='ocrx_word' id='word_1_120' title='bbox 176 1108 309 1140; x_wconf 87' lang='lat' dir='ltr'>essent</span> <span class='ocrx_word' id='word_1_121' title='bbox 342 1104 561 1152; x_wconf 78' lang='lat' dir='ltr'>puniendi3</span> <span class='ocrx_word' id='word_1_122' title='bbox 595 1108 635 1141; x_wconf 91' lang='lat' dir='ltr'>et</span> <span class='ocrx_word' id='word_1_123' title='bbox 670 1105 880 1153; x_wconf 86' lang='lat' dir='ltr'>requisivit</span> <span class='ocrx_word' id='word_1_124' title='bbox 914 1103 1041 1139; x_wconf 86' lang='lat' dir='ltr'>dictos</span> <span class='ocrx_word' id='word_1_125' title='bbox 1078 1104 1276 1140; x_wconf 85' lang='lat' dir='ltr'>Decanum</span> <span class='ocrx_word' id='word_1_126' title='bbox 1316 1106 1356 1139; x_wconf 89' lang='lat' dir='ltr'>et</span> <span class='ocrx_word' id='word_1_127' title='bbox 1396 1102 1625 1151; x_wconf 81' lang='lat' dir='ltr'>Capitulum</span> <span class='ocrx_word' id='word_1_128' title='bbox 1665 1115 1718 1139; x_wconf 86' lang='lat' dir='ltr'>an</span> 
     </span>
     <span class='ocr_line' id='line_1_16' title="bbox 178 1156 1718 1206; baseline -0.001 -13"><span class='ocrx_word' id='word_1_129' title='bbox 178 1157 406 1206; x_wconf 80' lang='lat' dir='ltr'>hujusmodi</span> <span class='ocrx_word' id='word_1_130' title='bbox 441 1158 648 1194; x_wconf 82' lang='lat' dir='ltr'>Statutum</span> <span class='ocrx_word' id='word_1_131' title='bbox 680 1157 803 1194; x_wconf 80' lang='lat' dir='ltr'>fuerit</span> <span class='ocrx_word' id='word_1_132' title='bbox 832 1157 1096 1194; x_wconf 82' lang='lat' dir='ltr'>observatum.</span> <span class='ocrx_word' id='word_1_133' title='bbox 1172 1156 1225 1192; x_wconf 90' lang='lat' dir='ltr'>Et</span> <span class='ocrx_word' id='word_1_134' title='bbox 1255 1156 1448 1193; x_wconf 83' lang='lat' dir='ltr'>dixerunt</span> <span class='ocrx_word' id='word_1_135' title='bbox 1476 1156 1580 1205; x_wconf 85' lang='lat' dir='ltr'>quod</span> <span class='ocrx_word' id='word_1_136' title='bbox 1612 1169 1718 1203; x_wconf 85' lang='lat' dir='ltr'>non;</span> 
     </span>
     <span class='ocr_line' id='line_1_17' title="bbox 177 1209 1719 1260; baseline -0.001 -13"><span class='ocrx_word' id='word_1_137' title='bbox 177 1211 360 1260; x_wconf 83' lang='lat' dir='ltr'>quodque</span> <span class='ocrx_word' id='word_1_138' title='bbox 393 1211 502 1247; x_wconf 90' lang='lat' dir='ltr'>aliud</span> <span class='ocrx_word' id='word_1_139' title='bbox 537 1216 623 1248; x_wconf 88' lang='lat' dir='ltr'>erat</span> <span class='ocrx_word' id='word_1_140' title='bbox 652 1212 861 1247; x_wconf 79' lang='lat' dir='ltr'>Statutum</span> <span class='ocrx_word' id='word_1_141' title='bbox 892 1210 996 1259; x_wconf 88' lang='lat' dir='ltr'>quod</span> <span class='ocrx_word' id='word_1_142' title='bbox 1028 1210 1260 1259; x_wconf 71' lang='lat' dir='ltr'>Dignitates</span> <span class='ocrx_word' id='word_1_143' title='bbox 1289 1210 1518 1247; x_wconf 81' lang='lat' dir='ltr'>obtinentes</span> <span class='ocrx_word' id='word_1_144' title='bbox 1548 1211 1589 1246; x_wconf 91' lang='lat' dir='ltr'>in</span> <span class='ocrx_word' id='word_1_145' title='bbox 1610 1209 1719 1247; x_wconf 86' lang='lat' dir='ltr'>dicta</span> 
     </span>
     <span class='ocr_line' id='line_1_18' title="bbox 177 1264 1716 1313; baseline 0 -12"><span class='ocrx_word' id='word_1_146' title='bbox 177 1265 353 1302; x_wconf 77' lang='lat' dir='ltr'>Ecclesia</span> <span class='ocrx_word' id='word_1_147' title='bbox 373 1270 414 1302; x_wconf 88' lang='lat' dir='ltr'>et</span> <span class='ocrx_word' id='word_1_148' title='bbox 431 1265 623 1302; x_wconf 84' lang='lat' dir='ltr'>Canonici</span> <span class='ocrx_word' id='word_1_149' title='bbox 643 1264 860 1302; x_wconf 86' lang='lat' dir='ltr'>residentes</span> <span class='ocrx_word' id='word_1_150' title='bbox 877 1264 1069 1301; x_wconf 87' lang='lat' dir='ltr'>deberent</span> <span class='ocrx_word' id='word_1_151' title='bbox 1085 1277 1178 1307; x_wconf 85' lang='lat' dir='ltr'>esse,</span> <span class='ocrx_word' id='word_1_152' title='bbox 1197 1264 1365 1313; x_wconf 75' lang='lat' dir='ltr'>singulis</span> <span class='ocrx_word' id='word_1_153' title='bbox 1380 1264 1477 1300; x_wconf 83' lang='lat' dir='ltr'>anni</span> <span class='ocrx_word' id='word_1_154' title='bbox 1492 1264 1716 1313; x_wconf 77' lang='lat' dir='ltr'>quarteriis,</span> 
     </span>
     <span class='ocr_line' id='line_1_19' title="bbox 174 1318 1718 1368; baseline -0.001 -12"><span class='ocrx_word' id='word_1_155' title='bbox 174 1331 244 1368; x_wconf 88' lang='lat' dir='ltr'>per</span> <span class='ocrx_word' id='word_1_156' title='bbox 266 1319 346 1368; x_wconf 85' lang='lat' dir='ltr'>xlvj</span> <span class='ocrx_word' id='word_1_157' title='bbox 371 1319 453 1356; x_wconf 87' lang='lat' dir='ltr'>dies</span> <span class='ocrx_word' id='word_1_158' title='bbox 474 1320 515 1355; x_wconf 92' lang='lat' dir='ltr'>in</span> <span class='ocrx_word' id='word_1_159' title='bbox 540 1319 666 1356; x_wconf 82' lang='lat' dir='ltr'>Missa</span> <span class='ocrx_word' id='word_1_160' title='bbox 687 1323 728 1356; x_wconf 89' lang='lat' dir='ltr'>et</span> <span class='ocrx_word' id='word_1_161' title='bbox 749 1319 789 1355; x_wconf 88' lang='lat' dir='ltr'>in</span> <span class='ocrx_word' id='word_1_162' title='bbox 812 1332 957 1363; x_wconf 86' lang='lat' dir='ltr'>mensa,</span> <span class='ocrx_word' id='word_1_163' title='bbox 979 1319 1098 1367; x_wconf 83' lang='lat' dir='ltr'>juxta</span> <span class='ocrx_word' id='word_1_164' title='bbox 1128 1319 1399 1366; x_wconf 81' lang='lat' dir='ltr'>quantitatem</span> <span class='ocrx_word' id='word_1_165' title='bbox 1428 1318 1718 1354; x_wconf 85' lang='lat' dir='ltr'>Beneficiorum</span> 
     </span>
     <span class='ocr_line' id='line_1_20' title="bbox 175 1371 1718 1421; baseline -0.001 -12"><span class='ocrx_word' id='word_1_166' title='bbox 175 1385 335 1409; x_wconf 90' lang='lat' dir='ltr'>suorum</span> <span class='ocrx_word' id='word_1_167' title='bbox 349 1373 390 1409; x_wconf 87' lang='lat' dir='ltr'>in</span> <span class='ocrx_word' id='word_1_168' title='bbox 404 1372 513 1410; x_wconf 80' lang='lat' dir='ltr'>dicta</span> <span class='ocrx_word' id='word_1_169' title='bbox 530 1373 749 1410; x_wconf 83' lang='lat' dir='ltr'>Exoniensi</span> <span class='ocrx_word' id='word_1_170' title='bbox 766 1373 954 1409; x_wconf 83' lang='lat' dir='ltr'>Ecclesia.</span> <span class='ocrx_word' id='word_1_171' title='bbox 997 1372 1123 1420; x_wconf 83' lang='lat' dir='ltr'>Super</span> <span class='ocrx_word' id='word_1_172' title='bbox 1139 1371 1283 1420; x_wconf 89' lang='lat' dir='ltr'>quibus</span> <span class='ocrx_word' id='word_1_173' title='bbox 1300 1371 1475 1408; x_wconf 82' lang='lat' dir='ltr'>Statutis</span> <span class='ocrx_word' id='word_1_174' title='bbox 1492 1371 1598 1408; x_wconf 87' lang='lat' dir='ltr'>dixit</span> <span class='ocrx_word' id='word_1_175' title='bbox 1613 1371 1718 1421; x_wconf 90' lang='lat' dir='ltr'>quod</span> 
     </span>
     <span class='ocr_line' id='line_1_21' title="bbox 175 1425 1720 1475; baseline -0.001 -12"><span class='ocrx_word' id='word_1_176' title='bbox 175 1440 255 1464; x_wconf 91' lang='lat' dir='ltr'>non</span> <span class='ocrx_word' id='word_1_177' title='bbox 288 1427 455 1464; x_wconf 75' lang='lat' dir='ltr'>fuerunt</span> <span class='ocrx_word' id='word_1_178' title='bbox 486 1427 698 1464; x_wconf 87' lang='lat' dir='ltr'>observata</span> <span class='ocrx_word' id='word_1_179' title='bbox 728 1428 847 1475; x_wconf 86' lang='lat' dir='ltr'>juxta</span> <span class='ocrx_word' id='word_1_180' title='bbox 878 1425 1106 1463; x_wconf 88' lang='lat' dir='ltr'>eorumdem</span> <span class='ocrx_word' id='word_1_181' title='bbox 1139 1430 1341 1472; x_wconf 81' lang='lat' dir='ltr'>tenorem3</span> <span class='ocrx_word' id='word_1_182' title='bbox 1375 1430 1415 1462; x_wconf 81' lang='lat' dir='ltr'>et</span> <span class='ocrx_word' id='word_1_183' title='bbox 1445 1439 1562 1474; x_wconf 83' lang='lat' dir='ltr'>super</span> <span class='ocrx_word' id='word_1_184' title='bbox 1591 1426 1720 1474; x_wconf 91' lang='lat' dir='ltr'>primo</span> 
     </span>
     <span class='ocr_line' id='line_1_22' title="bbox 174 1479 1719 1530; baseline -0.001 -13"><span class='ocrx_word' id='word_1_185' title='bbox 174 1481 344 1518; x_wconf 89' lang='lat' dir='ltr'>articulo</span> <span class='ocrx_word' id='word_1_186' title='bbox 375 1482 585 1530; x_wconf 83' lang='lat' dir='ltr'>requisivit</span> <span class='ocrx_word' id='word_1_187' title='bbox 618 1481 771 1518; x_wconf 91' lang='lat' dir='ltr'>dictum</span> <span class='ocrx_word' id='word_1_188' title='bbox 803 1481 1020 1517; x_wconf 86' lang='lat' dir='ltr'>Dominum</span> <span class='ocrx_word' id='word_1_189' title='bbox 1053 1480 1317 1516; x_wconf 82' lang='lat' dir='ltr'>Exoniensem</span> <span class='ocrx_word' id='word_1_190' title='bbox 1350 1479 1600 1528; x_wconf 87' lang='lat' dir='ltr'>Episcopum,</span> <span class='ocrx_word' id='word_1_191' title='bbox 1633 1486 1719 1516; x_wconf 87' lang='lat' dir='ltr'>tan-</span> 
     </span>
     <span class='ocr_line' id='line_1_23' title="bbox 175 1533 1719 1584; baseline -0.001 -13"><span class='ocrx_word' id='word_1_192' title='bbox 175 1547 292 1584; x_wconf 87' lang='lat' dir='ltr'>quam</span> <span class='ocrx_word' id='word_1_193' title='bbox 313 1535 453 1584; x_wconf 90' lang='lat' dir='ltr'>capud,</span> <span class='ocrx_word' id='word_1_194' title='bbox 476 1549 521 1572; x_wconf 89' lang='lat' dir='ltr'>ac</span> <span class='ocrx_word' id='word_1_195' title='bbox 541 1536 638 1572; x_wconf 90' lang='lat' dir='ltr'>alios</span> <span class='ocrx_word' id='word_1_196' title='bbox 659 1534 909 1583; x_wconf 83' lang='lat' dir='ltr'>supradictos</span> <span class='ocrx_word' id='word_1_197' title='bbox 932 1534 1162 1582; x_wconf 72' lang='lat' dir='ltr'>Dignitates</span> <span class='ocrx_word' id='word_1_198' title='bbox 1184 1541 1224 1569; x_wconf 87' lang='lat' dir='ltr'>et</span> <span class='ocrx_word' id='word_1_199' title='bbox 1254 1533 1524 1570; x_wconf 82' lang='lat' dir='ltr'>Canonicatus</span> <span class='ocrx_word' id='word_1_200' title='bbox 1553 1546 1598 1569; x_wconf 91' lang='lat' dir='ltr'>ac</span> <span class='ocrx_word' id='word_1_201' title='bbox 1629 1533 1719 1570; x_wconf 88' lang='lat' dir='ltr'>Pre-</span> 
     </span>
     <span class='ocr_line' id='line_1_24' title="bbox 175 1586 1718 1638; baseline -0.001 -13"><span class='ocrx_word' id='word_1_202' title='bbox 175 1588 325 1626; x_wconf 85' lang='lat' dir='ltr'>bendas</span> <span class='ocrx_word' id='word_1_203' title='bbox 346 1590 386 1625; x_wconf 91' lang='lat' dir='ltr'>in</span> <span class='ocrx_word' id='word_1_204' title='bbox 407 1589 565 1638; x_wconf 84' lang='lat' dir='ltr'>prefata</span> <span class='ocrx_word' id='word_1_205' title='bbox 588 1589 764 1626; x_wconf 85' lang='lat' dir='ltr'>Ecclesia</span> <span class='ocrx_word' id='word_1_206' title='bbox 786 1588 1004 1625; x_wconf 82' lang='lat' dir='ltr'>Exoniensi</span> <span class='ocrx_word' id='word_1_207' title='bbox 1024 1588 1263 1636; x_wconf 86' lang='lat' dir='ltr'>optinentes,</span> <span class='ocrx_word' id='word_1_208' title='bbox 1286 1600 1336 1623; x_wconf 85' lang='lat' dir='ltr'>an</span> <span class='ocrx_word' id='word_1_209' title='bbox 1359 1586 1564 1624; x_wconf 87' lang='lat' dir='ltr'>videretur</span> <span class='ocrx_word' id='word_1_210' title='bbox 1579 1587 1635 1624; x_wconf 86' lang='lat' dir='ltr'>eis</span> <span class='ocrx_word' id='word_1_211' title='bbox 1655 1600 1718 1624; x_wconf 84' lang='lat' dir='ltr'>ex-</span> 
     </span>
     <span class='ocr_line' id='line_1_25' title="bbox 174 1640 1717 1692; baseline -0.001 -12"><span class='ocrx_word' id='word_1_212' title='bbox 174 1642 348 1691; x_wconf 83' lang='lat' dir='ltr'>pediens,</span> <span class='ocrx_word' id='word_1_213' title='bbox 371 1648 411 1680; x_wconf 90' lang='lat' dir='ltr'>et</span> <span class='ocrx_word' id='word_1_214' title='bbox 432 1656 502 1692; x_wconf 86' lang='lat' dir='ltr'>pro</span> <span class='ocrx_word' id='word_1_215' title='bbox 524 1643 702 1680; x_wconf 85' lang='lat' dir='ltr'>utilitate</span> <span class='ocrx_word' id='word_1_216' title='bbox 724 1642 829 1680; x_wconf 89' lang='lat' dir='ltr'>dicte</span> <span class='ocrx_word' id='word_1_217' title='bbox 851 1642 1090 1678; x_wconf 82' lang='lat' dir='ltr'>Exoniensis</span> <span class='ocrx_word' id='word_1_218' title='bbox 1112 1641 1286 1678; x_wconf 88' lang='lat' dir='ltr'>Ecclesie</span> <span class='ocrx_word' id='word_1_219' title='bbox 1307 1646 1348 1677; x_wconf 88' lang='lat' dir='ltr'>et</span> <span class='ocrx_word' id='word_1_220' title='bbox 1373 1640 1588 1684; x_wconf 89' lang='lat' dir='ltr'>commodo,</span> <span class='ocrx_word' id='word_1_221' title='bbox 1612 1640 1717 1689; x_wconf 90' lang='lat' dir='ltr'>quod</span> 
     </span>
     <span class='ocr_line' id='line_1_26' title="bbox 173 1694 1718 1745; baseline -0.001 -13"><span class='ocrx_word' id='word_1_222' title='bbox 173 1696 272 1733; x_wconf 89' lang='lat' dir='ltr'>illud</span> <span class='ocrx_word' id='word_1_223' title='bbox 308 1697 517 1734; x_wconf 84' lang='lat' dir='ltr'>Statutum</span> <span class='ocrx_word' id='word_1_224' title='bbox 551 1697 812 1736; x_wconf 78' lang='lat' dir='ltr'>observetur:</span> <span class='ocrx_word' id='word_1_225' title='bbox 846 1695 990 1745; x_wconf 88' lang='lat' dir='ltr'>quibus</span> <span class='ocrx_word' id='word_1_226' title='bbox 1019 1694 1203 1732; x_wconf 88' lang='lat' dir='ltr'>omnibus</span> <span class='ocrx_word' id='word_1_227' title='bbox 1234 1708 1303 1743; x_wconf 89' lang='lat' dir='ltr'>per</span> <span class='ocrx_word' id='word_1_228' title='bbox 1336 1708 1425 1731; x_wconf 90' lang='lat' dir='ltr'>eum</span> <span class='ocrx_word' id='word_1_229' title='bbox 1460 1695 1718 1743; x_wconf 77' lang='lat' dir='ltr'>singulariter</span> 
     </span>
     <span class='ocr_line' id='line_1_27' title="bbox 173 1748 1714 1800; baseline -0.001 -13"><span class='ocrx_word' id='word_1_230' title='bbox 173 1751 385 1800; x_wconf 86' lang='lat' dir='ltr'>requisitis,</span> <span class='ocrx_word' id='word_1_231' title='bbox 401 1752 573 1800; x_wconf 87' lang='lat' dir='ltr'>exceptis</span> <span class='ocrx_word' id='word_1_232' title='bbox 589 1750 728 1795; x_wconf 89' lang='lat' dir='ltr'>tribus,</span> <span class='ocrx_word' id='word_1_233' title='bbox 740 1750 926 1787; x_wconf 88' lang='lat' dir='ltr'>videlicet</span> <span class='ocrx_word' id='word_1_234' title='bbox 942 1750 1114 1798; x_wconf 83' lang='lat' dir='ltr'>Hugone</span> <span class='ocrx_word' id='word_1_235' title='bbox 1132 1748 1220 1785; x_wconf 82' lang='lat' dir='ltr'>Brid</span> <span class='ocrx_word' id='word_1_236' title='bbox 1228 1749 1328 1793; x_wconf 80' lang='lat' dir='ltr'>ham,</span> <span class='ocrx_word' id='word_1_237' title='bbox 1345 1748 1527 1785; x_wconf 63' lang='lat' dir='ltr'>johanne</span> <span class='ocrx_word' id='word_1_238' title='bbox 1541 1748 1714 1798; x_wconf 83' lang='lat' dir='ltr'>Cheyne,</span> 
     </span>
     <span class='ocr_line' id='line_1_28' title="bbox 173 1802 1717 1854; baseline -0.002 -12"><span class='ocrx_word' id='word_1_239' title='bbox 173 1809 215 1842; x_wconf 89' lang='lat' dir='ltr'>et</span> <span class='ocrx_word' id='word_1_240' title='bbox 246 1805 425 1842; x_wconf 83' lang='lat' dir='ltr'>Roberto</span> <span class='ocrx_word' id='word_1_241' title='bbox 454 1805 698 1854; x_wconf 83' lang='lat' dir='ltr'>Braybroke,</span> <span class='ocrx_word' id='word_1_242' title='bbox 731 1804 924 1841; x_wconf 83' lang='lat' dir='ltr'>dixerunt</span> <span class='ocrx_word' id='word_1_243' title='bbox 953 1802 1057 1852; x_wconf 86' lang='lat' dir='ltr'>quod</span> <span class='ocrx_word' id='word_1_244' title='bbox 1089 1803 1168 1840; x_wconf 86' lang='lat' dir='ltr'>sit:</span> <span class='ocrx_word' id='word_1_245' title='bbox 1205 1803 1284 1852; x_wconf 87' lang='lat' dir='ltr'>qui,</span> <span class='ocrx_word' id='word_1_246' title='bbox 1321 1807 1466 1847; x_wconf 88' lang='lat' dir='ltr'>tamen,</span> <span class='ocrx_word' id='word_1_247' title='bbox 1500 1806 1581 1840; x_wconf 87' lang='lat' dir='ltr'>tres</span> <span class='ocrx_word' id='word_1_248' title='bbox 1610 1802 1717 1840; x_wconf 84' lang='lat' dir='ltr'>dixe-</span> 
     </span>
     <span class='ocr_line' id='line_1_29' title="bbox 174 1856 1717 1908; baseline -0.001 -13"><span class='ocrx_word' id='word_1_249' title='bbox 174 1862 271 1895; x_wconf 88' lang='lat' dir='ltr'>runt</span> <span class='ocrx_word' id='word_1_250' title='bbox 290 1858 394 1908; x_wconf 90' lang='lat' dir='ltr'>quod</span> <span class='ocrx_word' id='word_1_251' title='bbox 416 1859 514 1896; x_wconf 88' lang='lat' dir='ltr'>illud</span> <span class='ocrx_word' id='word_1_252' title='bbox 537 1859 746 1896; x_wconf 81' lang='lat' dir='ltr'>Statutum</span> <span class='ocrx_word' id='word_1_253' title='bbox 767 1872 845 1895; x_wconf 90' lang='lat' dir='ltr'>non</span> <span class='ocrx_word' id='word_1_254' title='bbox 866 1858 946 1894; x_wconf 83' lang='lat' dir='ltr'>fuit</span> <span class='ocrx_word' id='word_1_255' title='bbox 975 1857 1230 1894; x_wconf 86' lang='lat' dir='ltr'>observatum</span> <span class='ocrx_word' id='word_1_256' title='bbox 1260 1869 1330 1905; x_wconf 88' lang='lat' dir='ltr'>per</span> <span class='ocrx_word' id='word_1_257' title='bbox 1358 1856 1400 1892; x_wconf 82' lang='lat' dir='ltr'>lx</span> <span class='ocrx_word' id='word_1_258' title='bbox 1419 1869 1545 1893; x_wconf 89' lang='lat' dir='ltr'>annos</span> <span class='ocrx_word' id='word_1_259' title='bbox 1576 1856 1717 1894; x_wconf 88' lang='lat' dir='ltr'>ultimo</span> 
     </span>
     <span class='ocr_line' id='line_1_30' title="bbox 173 1909 1711 1962; baseline -0.003 -12"><span class='ocrx_word' id='word_1_260' title='bbox 173 1912 352 1961; x_wconf 67' lang='lat' dir='ltr'>elapsos,</span> <span class='ocrx_word' id='word_1_261' title='bbox 386 1917 427 1950; x_wconf 89' lang='lat' dir='ltr'>et</span> <span class='ocrx_word' id='word_1_262' title='bbox 460 1912 652 1950; x_wconf 82' lang='lat' dir='ltr'>dixerunt</span> <span class='ocrx_word' id='word_1_263' title='bbox 685 1912 789 1962; x_wconf 85' lang='lat' dir='ltr'>quod</span> <span class='ocrx_word' id='word_1_264' title='bbox 817 1911 867 1948; x_wconf 85' lang='lat' dir='ltr'>ad</span> <span class='ocrx_word' id='word_1_265' title='bbox 902 1910 1002 1947; x_wconf 90' lang='lat' dir='ltr'>illud</span> <span class='ocrx_word' id='word_1_266' title='bbox 1033 1911 1253 1954; x_wconf 73' lang='lat' dir='ltr'>statutum,</span> <span class='ocrx_word' id='word_1_267' title='bbox 1276 1916 1468 1959; x_wconf 86' lang='lat' dir='ltr'>tanquam</span> <span class='ocrx_word' id='word_1_268' title='bbox 1490 1909 1711 1956; x_wconf 81' lang='lat' dir='ltr'>Statutum,</span> 
     </span>
     <span class='ocr_line' id='line_1_31' title="bbox 173 1963 1716 2019; baseline -0.001 -16"><span class='ocrx_word' id='word_1_269' title='bbox 173 1979 253 2003; x_wconf 88' lang='lat' dir='ltr'>non</span> <span class='ocrx_word' id='word_1_270' title='bbox 274 1972 370 2019; x_wconf 75' lang='lat' dir='ltr'>sunt</span> <span class='ocrx_word' id='word_1_271' title='bbox 389 1968 546 2004; x_wconf 76' lang='lat' dir='ltr'>astricti</span> <span class='ocrx_word' id='word_1_272' title='bbox 565 1968 803 2016; x_wconf 83' lang='lat' dir='ltr'>juramento.</span> <span class='ocrx_word' id='word_1_273' title='bbox 875 1965 962 2010; x_wconf 82' lang='lat' dir='ltr'>Quo</span> <span class='ocrx_word' id='word_1_274' title='bbox 989 1963 1041 2001; x_wconf 87' lang='lat' dir='ltr'>ad</span> <span class='ocrx_word' id='word_1_275' title='bbox 1061 1963 1278 2002; x_wconf 85' lang='lat' dir='ltr'>secundum</span> <span class='ocrx_word' id='word_1_276' title='bbox 1300 1963 1522 2008; x_wconf 85' lang='lat' dir='ltr'>Statutum‚</span> <span class='ocrx_word' id='word_1_277' title='bbox 1545 1964 1716 2014; x_wconf 86' lang='lat' dir='ltr'>singula-</span> 
     </span>
     <span class='ocr_line' id='line_1_32' title="bbox 173 2017 1716 2070; baseline 0 -14"><span class='ocrx_word' id='word_1_278' title='bbox 173 2021 272 2057; x_wconf 86' lang='lat' dir='ltr'>riter</span> <span class='ocrx_word' id='word_1_279' title='bbox 290 2021 468 2070; x_wconf 88' lang='lat' dir='ltr'>requsiti,</span> <span class='ocrx_word' id='word_1_280' title='bbox 492 2021 685 2058; x_wconf 83' lang='lat' dir='ltr'>dixerunt</span> <span class='ocrx_word' id='word_1_281' title='bbox 706 2019 809 2069; x_wconf 84' lang='lat' dir='ltr'>quod</span> <span class='ocrx_word' id='word_1_282' title='bbox 830 2019 1017 2056; x_wconf 86' lang='lat' dir='ltr'>convenit</span> <span class='ocrx_word' id='word_1_283' title='bbox 1039 2022 1080 2055; x_wconf 90' lang='lat' dir='ltr'>et</span> <span class='ocrx_word' id='word_1_284' title='bbox 1101 2017 1265 2067; x_wconf 84' lang='lat' dir='ltr'>expedit</span> <span class='ocrx_word' id='word_1_285' title='bbox 1296 2018 1470 2056; x_wconf 89' lang='lat' dir='ltr'>Ecclesie</span> <span class='ocrx_word' id='word_1_286' title='bbox 1500 2017 1716 2056; x_wconf 86' lang='lat' dir='ltr'>Exoniensi</span> 
     </span>
     <span class='ocr_line' id='line_1_33' title="bbox 172 2071 1715 2124; baseline -0.001 -13"><span class='ocrx_word' id='word_1_287' title='bbox 172 2073 271 2111; x_wconf 88' lang='lat' dir='ltr'>illud</span> <span class='ocrx_word' id='word_1_288' title='bbox 293 2074 505 2119; x_wconf 88' lang='lat' dir='ltr'>observari,</span> <span class='ocrx_word' id='word_1_289' title='bbox 528 2075 705 2124; x_wconf 83' lang='lat' dir='ltr'>exceptis</span> <span class='ocrx_word' id='word_1_290' title='bbox 722 2073 876 2110; x_wconf 86' lang='lat' dir='ltr'>duobus</span> <span class='ocrx_word' id='word_1_291' title='bbox 892 2073 953 2110; x_wconf 87' lang='lat' dir='ltr'>vel</span> <span class='ocrx_word' id='word_1_292' title='bbox 971 2072 1100 2109; x_wconf 87' lang='lat' dir='ltr'>tribus</span> <span class='ocrx_word' id='word_1_293' title='bbox 1121 2072 1188 2122; x_wconf 90' lang='lat' dir='ltr'>qui</span> <span class='ocrx_word' id='word_1_294' title='bbox 1204 2071 1395 2109; x_wconf 84' lang='lat' dir='ltr'>dixerunt</span> <span class='ocrx_word' id='word_1_295' title='bbox 1411 2071 1528 2120; x_wconf 89' lang='lat' dir='ltr'>quod,</span> <span class='ocrx_word' id='word_1_296' title='bbox 1548 2072 1715 2121; x_wconf 85' lang='lat' dir='ltr'>singulis</span> 
     </span>
     <span class='ocr_line' id='line_1_34' title="bbox 172 2125 1715 2175; baseline -0.001 -10"><span class='ocrx_word' id='word_1_297' title='bbox 172 2127 414 2172; x_wconf 78' lang='lat' dir='ltr'>ebdomadis,</span> <span class='ocrx_word' id='word_1_298' title='bbox 434 2128 625 2165; x_wconf 85' lang='lat' dir='ltr'>Canonici</span> <span class='ocrx_word' id='word_1_299' title='bbox 647 2127 864 2165; x_wconf 87' lang='lat' dir='ltr'>residentes</span> <span class='ocrx_word' id='word_1_300' title='bbox 884 2126 1091 2163; x_wconf 89' lang='lat' dir='ltr'>habebunt</span> <span class='ocrx_word' id='word_1_301' title='bbox 1107 2125 1205 2163; x_wconf 85' lang='lat' dir='ltr'>duos</span> <span class='ocrx_word' id='word_1_302' title='bbox 1221 2125 1304 2163; x_wconf 88' lang='lat' dir='ltr'>dies</span> <span class='ocrx_word' id='word_1_303' title='bbox 1320 2138 1390 2174; x_wconf 90' lang='lat' dir='ltr'>pro</span> <span class='ocrx_word' id='word_1_304' title='bbox 1406 2125 1715 2175; x_wconf 79' lang='lat' dir='ltr'>disportaci0ne2</span> 
     </span>
     <span class='ocr_line' id='line_1_35' title="bbox 172 2180 1714 2232; baseline -0.001 -13"><span class='ocrx_word' id='word_1_305' title='bbox 172 2183 239 2232; x_wconf 90' lang='lat' dir='ltr'>qui</span> <span class='ocrx_word' id='word_1_306' title='bbox 269 2182 437 2228; x_wconf 79' lang='lat' dir='ltr'>volunt;</span> <span class='ocrx_word' id='word_1_307' title='bbox 466 2187 518 2228; x_wconf 88' lang='lat' dir='ltr'>et,</span> <span class='ocrx_word' id='word_1_308' title='bbox 541 2186 688 2226; x_wconf 86' lang='lat' dir='ltr'>tamen,</span> <span class='ocrx_word' id='word_1_309' title='bbox 719 2182 760 2217; x_wconf 91' lang='lat' dir='ltr'>in</span> <span class='ocrx_word' id='word_1_310' title='bbox 790 2180 957 2230; x_wconf 79' lang='lat' dir='ltr'>singulis</span> <span class='ocrx_word' id='word_1_311' title='bbox 986 2180 1198 2230; x_wconf 86' lang='lat' dir='ltr'>quarteriis</span> <span class='ocrx_word' id='word_1_312' title='bbox 1218 2180 1316 2216; x_wconf 81' lang='lat' dir='ltr'>anni</span> <span class='ocrx_word' id='word_1_313' title='bbox 1334 2184 1495 2216; x_wconf 87' lang='lat' dir='ltr'>tantum</span> <span class='ocrx_word' id='word_1_314' title='bbox 1516 2180 1714 2229; x_wconf 85' lang='lat' dir='ltr'>accipient</span> 
     </span>
     <span class='ocr_line' id='line_1_36' title="bbox 171 2233 1710 2285; baseline -0.001 -13"><span class='ocrx_word' id='word_1_315' title='bbox 171 2249 242 2285; x_wconf 91' lang='lat' dir='ltr'>pro</span> <span class='ocrx_word' id='word_1_316' title='bbox 276 2235 493 2273; x_wconf 85' lang='lat' dir='ltr'>dividenda</span> <span class='ocrx_word' id='word_1_317' title='bbox 521 2249 567 2273; x_wconf 86' lang='lat' dir='ltr'>ac</span> <span class='ocrx_word' id='word_1_318' title='bbox 599 2236 631 2272; x_wconf 91' lang='lat' dir='ltr'>si</span> <span class='ocrx_word' id='word_1_319' title='bbox 661 2239 794 2273; x_wconf 88' lang='lat' dir='ltr'>essent</span> <span class='ocrx_word' id='word_1_320' title='bbox 826 2235 1015 2272; x_wconf 86' lang='lat' dir='ltr'>continue</span> <span class='ocrx_word' id='word_1_321' title='bbox 1044 2234 1086 2271; x_wconf 90' lang='lat' dir='ltr'>in</span> <span class='ocrx_word' id='word_1_322' title='bbox 1118 2234 1243 2271; x_wconf 85' lang='lat' dir='ltr'>Missa</span> <span class='ocrx_word' id='word_1_323' title='bbox 1263 2238 1304 2271; x_wconf 89' lang='lat' dir='ltr'>et</span> <span class='ocrx_word' id='word_1_324' title='bbox 1324 2246 1460 2271; x_wconf 87' lang='lat' dir='ltr'>mensa</span> <span class='ocrx_word' id='word_1_325' title='bbox 1481 2233 1710 2272; x_wconf 86' lang='lat' dir='ltr'>residentes.</span> 
     </span>
     <span class='ocr_line' id='line_1_37' title="bbox 172 2287 1712 2339; baseline -0.001 -12"><span class='ocrx_word' id='word_1_326' title='bbox 172 2289 546 2339; x_wconf 85' lang='lat' dir='ltr'>Subsequenterque</span> <span class='ocrx_word' id='word_1_327' title='bbox 580 2289 682 2327; x_wconf 89' lang='lat' dir='ltr'>idem</span> <span class='ocrx_word' id='word_1_328' title='bbox 720 2288 981 2326; x_wconf 81' lang='lat' dir='ltr'>Reverendus</span> <span class='ocrx_word' id='word_1_329' title='bbox 1017 2289 1147 2333; x_wconf 87' lang='lat' dir='ltr'>Pater,</span> <span class='ocrx_word' id='word_1_330' title='bbox 1183 2288 1377 2325; x_wconf 86' lang='lat' dir='ltr'>Dominus</span> <span class='ocrx_word' id='word_1_331' title='bbox 1409 2287 1712 2325; x_wconf 87' lang='lat' dir='ltr'>Cantuariensis</span> 
     </span>
     <span class='ocr_line' id='line_1_38' title="bbox 172 2341 1713 2393; baseline -0.002 -12"><span class='ocrx_word' id='word_1_332' title='bbox 172 2343 509 2393; x_wconf 81' lang='lat' dir='ltr'>Archiepiscopus,</span> <span class='ocrx_word' id='word_1_333' title='bbox 520 2343 705 2392; x_wconf 86' lang='lat' dir='ltr'>exposuit</span> <span class='ocrx_word' id='word_1_334' title='bbox 718 2347 904 2380; x_wconf 78' lang='lat' dir='ltr'>oretenus</span> <span class='ocrx_word' id='word_1_335' title='bbox 917 2341 1020 2391; x_wconf 84' lang='lat' dir='ltr'>quod</span> <span class='ocrx_word' id='word_1_336' title='bbox 1036 2341 1212 2380; x_wconf 86' lang='lat' dir='ltr'>Cancelli</span> <span class='ocrx_word' id='word_1_337' title='bbox 1226 2341 1492 2379; x_wconf 86' lang='lat' dir='ltr'>Ecclesiarum</span> <span class='ocrx_word' id='word_1_338' title='bbox 1506 2342 1561 2379; x_wconf 91' lang='lat' dir='ltr'>eis</span> <span class='ocrx_word' id='word_1_339' title='bbox 1574 2354 1713 2391; x_wconf 90' lang='lat' dir='ltr'>appro-</span> 
     </span>
     <span class='ocr_line' id='line_1_39' title="bbox 170 2395 1709 2446; baseline -0.001 -12"><span class='ocrx_word' id='word_1_340' title='bbox 170 2398 391 2446; x_wconf 80' lang='lat' dir='ltr'>priatarum</span> <span class='ocrx_word' id='word_1_341' title='bbox 421 2398 462 2434; x_wconf 89' lang='lat' dir='ltr'>in</span> <span class='ocrx_word' id='word_1_342' title='bbox 495 2397 705 2441; x_wconf 84' lang='lat' dir='ltr'>communi,</span> <span class='ocrx_word' id='word_1_343' title='bbox 731 2397 789 2434; x_wconf 89' lang='lat' dir='ltr'>vel</span> <span class='ocrx_word' id='word_1_344' title='bbox 820 2395 870 2433; x_wconf 90' lang='lat' dir='ltr'>ad</span> <span class='ocrx_word' id='word_1_345' title='bbox 901 2396 1131 2445; x_wconf 82' lang='lat' dir='ltr'>Dignitates</span> <span class='ocrx_word' id='word_1_346' title='bbox 1157 2396 1417 2445; x_wconf 80' lang='lat' dir='ltr'>singularium</span> <span class='ocrx_word' id='word_1_347' title='bbox 1440 2408 1709 2444; x_wconf 82' lang='lat' dir='ltr'>personarum,</span> 
     </span>
     <span class='ocr_line' id='line_1_40' title="bbox 171 2449 1711 2500; baseline -0.001 -12"><span class='ocrx_word' id='word_1_348' title='bbox 171 2452 284 2500; x_wconf 86' lang='lat' dir='ltr'>quasi</span> <span class='ocrx_word' id='word_1_349' title='bbox 317 2464 387 2500; x_wconf 88' lang='lat' dir='ltr'>per</span> <span class='ocrx_word' id='word_1_350' title='bbox 413 2456 539 2488; x_wconf 85' lang='lat' dir='ltr'>totam</span> <span class='ocrx_word' id='word_1_351' title='bbox 576 2451 773 2488; x_wconf 82' lang='lat' dir='ltr'>Diocesim</span> <span class='ocrx_word' id='word_1_352' title='bbox 809 2451 1086 2495; x_wconf 84' lang='lat' dir='ltr'>Exoniensem,</span> <span class='ocrx_word' id='word_1_353' title='bbox 1119 2450 1179 2487; x_wconf 92' lang='lat' dir='ltr'>vel</span> <span class='ocrx_word' id='word_1_354' title='bbox 1210 2453 1305 2486; x_wconf 89' lang='lat' dir='ltr'>sunt</span> <span class='ocrx_word' id='word_1_355' title='bbox 1339 2450 1497 2486; x_wconf 83' lang='lat' dir='ltr'>ruinose</span> <span class='ocrx_word' id='word_1_356' title='bbox 1517 2453 1589 2486; x_wconf 87' lang='lat' dir='ltr'>aut</span> <span class='ocrx_word' id='word_1_357' title='bbox 1609 2449 1711 2486; x_wconf 85' lang='lat' dir='ltr'>male</span> 
     </span>
     <span class='ocr_line' id='line_1_41' title="bbox 170 2503 1710 2553; baseline -0.001 -12"><span class='ocrx_word' id='word_1_358' title='bbox 170 2512 352 2553; x_wconf 80' lang='lat' dir='ltr'>cooperte</span> <span class='ocrx_word' id='word_1_359' title='bbox 386 2508 427 2542; x_wconf 88' lang='lat' dir='ltr'>et</span> <span class='ocrx_word' id='word_1_360' title='bbox 461 2505 635 2548; x_wconf 73' lang='lat' dir='ltr'>viti-iate,</span> <span class='ocrx_word' id='word_1_361' title='bbox 674 2504 734 2541; x_wconf 92' lang='lat' dir='ltr'>vel</span> <span class='ocrx_word' id='word_1_362' title='bbox 768 2504 866 2541; x_wconf 87' lang='lat' dir='ltr'>alias</span> <span class='ocrx_word' id='word_1_363' title='bbox 897 2504 996 2540; x_wconf 81' lang='lat' dir='ltr'>male</span> <span class='ocrx_word' id='word_1_364' title='bbox 1030 2503 1280 2553; x_wconf 84' lang='lat' dir='ltr'>parochianis</span> <span class='ocrx_word' id='word_1_365' title='bbox 1310 2516 1445 2539; x_wconf 86' lang='lat' dir='ltr'>earum</span> <span class='ocrx_word' id='word_1_366' title='bbox 1476 2503 1516 2539; x_wconf 90' lang='lat' dir='ltr'>in</span> <span class='ocrx_word' id='word_1_367' title='bbox 1554 2503 1710 2540; x_wconf 87' lang='lat' dir='ltr'>Divinis</span> 
     </span>
     <span class='ocr_line' id='line_1_42' title="bbox 170 2556 1709 2607; baseline -0.001 -12"><span class='ocrx_word' id='word_1_368' title='bbox 170 2559 421 2605; x_wconf 77' lang='lat' dir='ltr'>deservitur,</span> <span class='ocrx_word' id='word_1_369' title='bbox 450 2559 517 2607; x_wconf 90' lang='lat' dir='ltr'>qui</span> <span class='ocrx_word' id='word_1_370' title='bbox 548 2558 596 2595; x_wconf 85' lang='lat' dir='ltr'>ad</span> <span class='ocrx_word' id='word_1_371' title='bbox 629 2558 699 2595; x_wconf 88' lang='lat' dir='ltr'>hoc</span> <span class='ocrx_word' id='word_1_372' title='bbox 731 2557 1021 2607; x_wconf 86' lang='lat' dir='ltr'>responderunt</span> <span class='ocrx_word' id='word_1_373' title='bbox 1049 2557 1151 2607; x_wconf 82' lang='lat' dir='ltr'>quod</span> <span class='ocrx_word' id='word_1_374' title='bbox 1182 2570 1318 2594; x_wconf 88' lang='lat' dir='ltr'>eorum</span> <span class='ocrx_word' id='word_1_375' title='bbox 1340 2557 1493 2593; x_wconf 73' lang='lat' dir='ltr'>vicarii</span> <span class='ocrx_word' id='word_1_376' title='bbox 1523 2557 1563 2593; x_wconf 88' lang='lat' dir='ltr'>in</span> <span class='ocrx_word' id='word_1_377' title='bbox 1591 2556 1709 2594; x_wconf 86' lang='lat' dir='ltr'>dictis</span> 
     </span>
     <span class='ocr_line' id='line_1_43' title="bbox 172 2610 1710 2662; baseline -0.001 -13"><span class='ocrx_word' id='word_1_378' title='bbox 172 2613 369 2657; x_wconf 85' lang='lat' dir='ltr'>Ecclesiis,</span> <span class='ocrx_word' id='word_1_379' title='bbox 409 2614 527 2662; x_wconf 87' lang='lat' dir='ltr'>juxta</span> <span class='ocrx_word' id='word_1_380' title='bbox 565 2625 699 2650; x_wconf 86' lang='lat' dir='ltr'>earum</span> <span class='ocrx_word' id='word_1_381' title='bbox 738 2611 1055 2656; x_wconf 86' lang='lat' dir='ltr'>Ordinacionem,</span> <span class='ocrx_word' id='word_1_382' title='bbox 1097 2616 1288 2648; x_wconf 85' lang='lat' dir='ltr'>tenentur</span> <span class='ocrx_word' id='word_1_383' title='bbox 1332 2610 1458 2647; x_wconf 85' lang='lat' dir='ltr'>dictos</span> <span class='ocrx_word' id='word_1_384' title='bbox 1504 2610 1710 2648; x_wconf 84' lang='lat' dir='ltr'>Cancellos</span> 
     </span>
     <span class='ocr_line' id='line_1_44' title="bbox 172 2664 1711 2715; baseline -0.001 -13"><span class='ocrx_word' id='word_1_385' title='bbox 172 2680 354 2715; x_wconf 81' lang='lat' dir='ltr'>reparare</span> <span class='ocrx_word' id='word_1_386' title='bbox 371 2671 411 2703; x_wconf 89' lang='lat' dir='ltr'>et</span> <span class='ocrx_word' id='word_1_387' title='bbox 427 2671 654 2704; x_wconf 81' lang='lat' dir='ltr'>sustentare</span> <span class='ocrx_word' id='word_1_388' title='bbox 670 2679 678 2711; x_wconf 77' lang='lat'><em>3</em></span> <span class='ocrx_word' id='word_1_389' title='bbox 694 2670 734 2702; x_wconf 86' lang='lat' dir='ltr'>et</span> <span class='ocrx_word' id='word_1_390' title='bbox 750 2679 867 2714; x_wconf 86' lang='lat' dir='ltr'>super</span> <span class='ocrx_word' id='word_1_391' title='bbox 883 2665 955 2702; x_wconf 83' lang='lat' dir='ltr'>boc</span> <span class='ocrx_word' id='word_1_392' title='bbox 972 2670 1116 2712; x_wconf 83' lang='lat' dir='ltr'>petunt</span> <span class='ocrx_word' id='word_1_393' title='bbox 1132 2664 1234 2713; x_wconf 90' lang='lat' dir='ltr'>quod</span> <span class='ocrx_word' id='word_1_394' title='bbox 1252 2678 1386 2701; x_wconf 88' lang='lat' dir='ltr'>eorum</span> <span class='ocrx_word' id='word_1_395' title='bbox 1403 2664 1558 2701; x_wconf 87' lang='lat' dir='ltr'>Vicarii</span> <span class='ocrx_word' id='word_1_396' title='bbox 1575 2677 1711 2701; x_wconf 87' lang='lat' dir='ltr'>vocen-</span> 
     </span>
     <span class='ocr_line' id='line_1_45' title="bbox 173 2718 1708 2769; baseline -0.002 -12"><span class='ocrx_word' id='word_1_397' title='bbox 173 2725 240 2757; x_wconf 92' lang='lat' dir='ltr'>tur</span> <span class='ocrx_word' id='word_1_398' title='bbox 271 2721 506 2769; x_wconf 87' lang='lat' dir='ltr'>responsuri.</span> <span class='ocrx_word' id='word_1_399' title='bbox 568 2721 621 2757; x_wconf 85' lang='lat' dir='ltr'>Et</span> <span class='ocrx_word' id='word_1_400' title='bbox 652 2733 721 2769; x_wconf 87' lang='lat' dir='ltr'>per</span> <span class='ocrx_word' id='word_1_401' title='bbox 747 2719 898 2756; x_wconf 83' lang='lat' dir='ltr'>dictum</span> <span class='ocrx_word' id='word_1_402' title='bbox 927 2718 1206 2755; x_wconf 82' lang='lat' dir='ltr'>Reverendum</span> <span class='ocrx_word' id='word_1_403' title='bbox 1236 2719 1395 2755; x_wconf 87' lang='lat' dir='ltr'>Patrem</span> <span class='ocrx_word' id='word_1_404' title='bbox 1424 2724 1564 2755; x_wconf 88' lang='lat' dir='ltr'>contra</span> <span class='ocrx_word' id='word_1_405' title='bbox 1583 2731 1648 2755; x_wconf 87' lang='lat' dir='ltr'>eos</span> <span class='ocrx_word' id='word_1_406' title='bbox 1668 2719 1708 2754; x_wconf 90' lang='lat' dir='ltr'>in</span> 
     </span>
     <span class='ocr_line' id='line_1_46' title="bbox 171 2771 1709 2823; baseline -0.002 -12"><span class='ocrx_word' id='word_1_407' title='bbox 171 2775 417 2811; x_wconf 85' lang='lat' dir='ltr'>contrarium</span> <span class='ocrx_word' id='word_1_408' title='bbox 461 2775 542 2811; x_wconf 78' lang='lat' dir='ltr'>fuit</span> <span class='ocrx_word' id='word_1_409' title='bbox 578 2774 794 2823; x_wconf 79' lang='lat' dir='ltr'>allegatum</span> <span class='ocrx_word' id='word_1_410' title='bbox 833 2771 937 2822; x_wconf 88' lang='lat' dir='ltr'>quod</span> <span class='ocrx_word' id='word_1_411' title='bbox 982 2773 1186 2821; x_wconf 88' lang='lat' dir='ltr'>porciones</span> <span class='ocrx_word' id='word_1_412' title='bbox 1225 2773 1472 2809; x_wconf 83' lang='lat' dir='ltr'>Vicariarum</span> <span class='ocrx_word' id='word_1_413' title='bbox 1511 2771 1709 2809; x_wconf 85' lang='lat' dir='ltr'>dictorum</span> 
     </span>
    </p>
   </div>
   <div class='ocr_carea' id='block_1_4' title="bbox 216 2890 1711 2932">
    <p class='ocr_par' dir='ltr' id='par_1_4' title="bbox 216 2890 1711 2932">
     <span class='ocr_line' id='line_1_47' title="bbox 216 2890 1711 2932; baseline -0.001 -10"><span class='ocrx_word' id='word_1_414' title='bbox 216 2890 224 2909; x_wconf 88' lang='lat'>¹</span> <span class='ocrx_word' id='word_1_415' title='bbox 250 2893 350 2932; x_wconf 83' lang='lat' dir='ltr'>1bid.‚</span> <span class='ocrx_word' id='word_1_416' title='bbox 367 2894 426 2925; x_wconf 83' lang='lat' dir='ltr'>fol.</span> <span class='ocrx_word' id='word_1_417' title='bbox 446 2894 541 2925; x_wconf 89' lang='lat' dir='ltr'>lOOb.</span> <span class='ocrx_word' id='word_1_418' title='bbox 722 2890 735 2911; x_wconf 70' lang='lat'>‘²</span> <span class='ocrx_word' id='word_1_419' title='bbox 758 2892 973 2924; x_wconf 83' lang='lat' dir='ltr'>recreation:</span> <span class='ocrx_word' id='word_1_420' title='bbox 999 2892 1052 2922; x_wconf 83' lang='lat' dir='ltr'>Fr.</span> <span class='ocrx_word' id='word_1_421' title='bbox 1070 2891 1414 2924; x_wconf 73' lang='lat' dir='ltr'>“divertissement’&#39;</span> <span class='ocrx_word' id='word_1_422' title='bbox 1436 2890 1530 2931; x_wconf 82' lang='lat' dir='ltr'>(olim</span> <span class='ocrx_word' id='word_1_423' title='bbox 1558 2890 1711 2932; x_wconf 63' lang='grc' dir='ltr'>ἀέρθη).</span> 
     </span>
    </p>
   </div>
  </div>
 </body>
</html>
