1907 3212
194 299 287 343 714
403 311 502 343 THE
541 311 780 343 REGISTER
805 311 864 343 or
900 311 1076 344 BISHOP
1111 311 1509 345 BRANTYNGHAM.

189 409 265 435 AD·
347 424 467 453 preces
495 414 592 444 fiant.
640 415 682 444 In
707 414 875 453 proximo,
901 424 994 453 vero,
1023 414 1184 454 Capitulo
1215 417 1294 455 post
1325 418 1537 446 memoratas
1569 414 1729 452 Octabas,

190 444 292 503 {33¹⁰}
347 458 491 488 collecta
509 459 543 488 in
562 458 755 488 subsidium
775 458 919 489 Fabrice
934 459 1088 489 Ecclesie
1105 461 1224 489 nostre
1240 460 1395 499 predicte
1412 462 1447 490 et
1462 459 1614 490 claust-ri
1631 460 1727 489 ante-

346 502 441 540 dicti,
476 502 505 532 N
508 503 620 532 unciis
651 513 713 533 seu
744 503 1032 533 Procuratoribus
1060 503 1103 533 ad
1129 504 1193 533 hoc
1225 503 1411 543 deputatis,
1444 504 1590 543 singulis
1617 503 1728 540 annis,

344 546 566 585 integraliter
582 547 771 583 libcretur3
797 547 860 577 sub
877 557 968 586 pena
986 547 1368 578 Excommunicacionis
1393 548 1545 588 Majoris,
1563 557 1667 588 quam
1691 547 1726 576 in

344 600 464 621 omnes
489 594 524 621 et
549 591 704 629 singulos
728 591 786 630 qui
811 591 947 629 collata,
966 592 1058 629 data,
1075 592 1192 631 legata
1216 592 1413 632 aliqualiter
1435 592 1490 623 vel
1514 592 1660 622 collecta
1683 591 1727 621 ad

346 634 527 665 Fabricam
541 635 695 665 Ecclesie
706 638 825 665 nostre
842 638 877 666 et
892 636 1043 666 Claustri
1056 635 1196 675 prefati,
1208 646 1269 666 seu
1281 637 1465 676 quicquam
1480 637 1521 667 (le
1533 636 1662 667 eisdem
1677 635 1726 665 di-

345 679 536 709 minuerint
550 682 610 709 aut
624 690 731 719 penes
742 690 778 710 se
792 680 1012 718 retinuerint,
1027 680 1071 710 ad
1084 680 1347 711 restitue-ionem
1358 681 1559 711 eorumdem
1569 680 1726 719 legitime

344 723 502 763 requisiti
520 726 624 763 atque
645 724 779 761 moniti,
796 734 882 764 quos
905 734 968 754 nos
991 727 1112 754 tenore
1138 725 1361 755 Presencium
1386 725 1434 755 sic
1459 725 1667 764 requirimus
1691 726 1726 754 et

344 777 534 803 monemus,
553 769 664 807 culpa,
682 778 789 806 mora,
803 771 838 798 et
855 768 988 798 offensa
1004 769 1206 799 eorumdem
1231 779 1292 799 seu
1307 769 1461 808 ipsorum
1478 769 1626 809 alicujus
1649 778 1725 808 pre-

189 808 305 835 s01.·216.
345 812 500 850 cedente,
518 813 612 842 dicta
631 812 806 842 Canonica
831 813 1024 843 Monicione
1048 813 1228 852 premissa,
1245 813 1393 843 ferimus
1416 813 1452 843 in
1476 813 1544 843 hiis
1570 813 1725 852 Scriptis.

342 856 398 886 Ad
415 856 488 895 hec,
506 866 566 886 vos
592 857 756 887 Rectores
773 859 808 887 et
825 857 992 893 vicarios,
1011 866 1050 887 ac
1068 856 1273 896 Capellanos
1290 857 1520 895 Parochiales,
1538 859 1573 887 et
1590 860 1725 887 ceteros

343 899 492 930 Curatos
517 911 751 940 quoscumque
776 901 995 941 requirimus,
1012 911 1205 939 monemus-1,
1226 904 1261 932 et
1277 901 1460 932 hortamur
1483 902 1519 931 in
1545 901 1632 931 Filio
1648 900 1725 931 Vir-

342 945 434 983 ginis
452 945 618 983 Gloriose,
636 946 801 985 quatinus
824 946 1044 985 parochianis
1068 948 1103 976 et
1128 946 1277 976 subditis
1300 946 1428 976 vestris
1452 945 1725 985 quibuscumque

341 989 384 1018 ad
410 989 474 1019 boc
498 992 662 1028 potenter
684 990 721 1019 in
745 990 821 1019 foro
846 990 961 1020 anime
985 990 1190 1030 injungatis,
1208 993 1247 1020 ut
1271 990 1402 1029 aliquid
1425 990 1467 1020 de
1491 990 1592 1020 bonis
1615 999 1636 1019 a
1653 990 1725 1019 Deo

343 1033 407 1063 sibi
425 1034 561 1063 collatis
578 1034 621 1064 ad
645 1034 828 1064 Fabricam
847 1034 999 1064 Ecclesie
1016 1036 1052 1064 et
1070 1034 1222 1064 Claustri
1246 1034 1404 1073 predicti,
1422 1034 1458 1064 in
1474 1036 1611 1073 partem
1628 1034 1723 1073 peni-

341 1078 455 1107 tencie
472 1080 507 1107 et
523 1078 763 1108 remissionem
782 1080 1004 1117 pcccatorum
1030 1088 1171 1109 suorum
1188 1078 1370 1109 caritative
1387 1078 1571 1109 conferant
1595 1080 1630 1108 et
1654 1077 1723 1108 effi—

341 1122 471 1152 caciter
487 1123 691 1161 largiantur,
710 1133 788 1152 cum
806 1123 952 1152 eandem
971 1123 1163 1153 Ecclesiam
1184 1123 1328 1152 Matrem
1349 1133 1458 1160 suam,
1476 1123 1599 1152 saltem
1617 1122 1722 1152 semel

340 1167 375 1195 in
401 1176 492 1196 anno
517 1167 673 1197 venerari
692 1167 878 1197 actualiter
902 1170 1099 1205 teneantur,
1117 1170 1152 1197 et
1176 1167 1304 1206 absque
1330 1167 1460 1197 Christi
1485 1167 1638 1197 fidelium
1656 1166 1721 1196 ele-

341 1211 555 1240 mosinarum
574 1211 762 1250 largicione
780 1211 968 1241 facultates
985 1212 1029 1241 ad
1051 1211 1233 1241 Fabricam
1254 1211 1408 1241 Ecclesie
1425 1214 1459 1241 et
1477 1211 1629 1241 Claustri
1645 1220 1720 1250 pre-

341 1255 525 1289 dictorum,
544 1258 582 1285 ut
607 1266 648 1285 ex
673 1255 874 1285 testimonio
891 1256 1143 1294 fidedignorum
1163 1255 1370 1294 accepimus.
1388 1266 1456 1285 non
1476 1255 1648 1285 sufficiant
1666 1255 1721 1285 de-

340 1302 471 1338 putate.
502 1300 556 1334 Et,
568 1302 607 1329 ut
618 1310 678 1329 vos
690 1302 725 1329 et
741 1300 827 1330 alios
844 1300 887 1329 ad
904 1300 1124 1339 largiendum
1139 1300 1276 1339 aliquod
1291 1300 1513 1330 caritativum
1528 1299 1720 1329 subsidium

342 1344 484 1374 Fabrice
503 1344 594 1374 dicte
612 1344 765 1374 Ecclesie
783 1347 818 1374 et
836 1344 988 1374 Claustri
1006 1344 1179 1374 salubrius
1193 1344 1394 1379 excitemus,
1409 1344 1450 1374 de
1463 1343 1720 1383 Omnipotentis

340 1388 403 1418 Dei
428 1388 666 1418 misericordia
691 1392 724 1418 et
745 1389 852 1418 Beate
870 1389 979 1418 Marie
998 1388 1161 1427 Virginis,
1186 1388 1373 1418 Genitricis
1392 1388 1568 1428 Ejusdem,
1586 1398 1719 1418 necnon

340 1432 527 1462 Beatorum
557 1433 649 1462 Petri
674 1435 708 1462 et
734 1433 831 1462 Pauli
848 1433 1106 1471 Apostolorum,
1124 1443 1269 1472 quorum
1296 1432 1329 1462 in
1351 1432 1414 1462 hac
1431 1435 1529 1471 parte
1546 1432 1719 1471 peculiare

339 1477 520 1515 negocium
541 1477 669 1515 agitur,
694 1477 828 1507 meritis
853 1479 888 1506 et
915 1477 1126 1506 auctoritate
1154 1477 1285 1513 confisi,
1314 1476 1475 1506 omnibus
1499 1476 1720 1515 parochianis

337 1521 476 1559 nostris,
494 1524 527 1550 ct
547 1521 624 1551 aliis
641 1531 786 1561 quorum
813 1521 995 1551 Diocesani
1020 1521 1109 1550 hanc
1134 1523 1290 1550 nostram
1316 1521 1580 1558 Indulgenciam
1605 1522 1717 1550 ratam

338 1565 534 1602 habuerint,
555 1565 597 1595 de
614 1565 767 1604 pcccatis
792 1565 863 1595 suis
887 1565 1125 1605 penitentibus
1142 1565 1313 1595 veraciter
1336 1570 1371 1594 et
1396 1565 1575 1601 confessis,
1593 1564 1649 1603 qui
1675 1564 1716 1594 ad

336 1610 530 1649 predictam
557 1610 739 1639 Fabricam
765 1610 806 1639 ‹le
829 1609 928 1639 bonis
954 1609 1018 1639 sibi
1043 1619 1063 1639 a
1088 1609 1160 1639 Deo
1185 1609 1321 1639 collatis
1345 1609 1483 1648 aliquod
1508 1608 1720 1638 contulerint

337 1654 528 1684 subsidium
547 1654 714 1689 caritatis,
733 1664 793 1683 seu
810 1653 845 1683 in
864 1653 1089 1683 'sest-amento
1114 1663 1175 1683 suo
1199 1653 1329 1692 aliquid
1352 1653 1547 1692 legaverint
1570 1653 1614 1682 ad
1638 1662 1717 1682 ean-

336 1699 425 1735 dem,
443 1698 673 1738 quadraginta
692 1698 765 1728 dies
784 1698 1010 1737 lndulgcncie
1028 1698 1249 1727 concedimus
1265 1707 1327 1736 per
1351 1697 1556 1733 Presentes3
1580 1699 1616 1727 et
1640 1706 1717 1726 con-

336 1744 525 1779 firmamus,
540 1742 797 1779 nichilominus,
811 1742 847 1771 in
861 1745 1031 1781 quantum
1048 1742 1113 1771 rite
1128 1751 1322 1781 possumus,
1337 1751 1457 1771 omnes
1470 1741 1718 1780 Indulgencias

335 1791 370 1817 et
386 1787 555 1817 beneficia
570 1787 604 1816 in
624 1787 689 1816 hac
706 1789 805 1825 parte
822 1786 889 1816 rite
906 1796 1088 1816 concessas
1111 1788 1146 1816 et
1171 1786 1397 1825 imposterum
1423 1785 1718 1816 concedendas.—

334 1832 447 1862 Dated
464 1834 501 1861 at
519 1831 627 1871 Clys'n
644 1830 664 1863 7
683 1831 763 1861 Feb.

288 1885 635 1934 Chittlehampton
653 1897 663 1931 3
692 1886 844 1922 Lz'cenee
865 1892 900 1921 to
921 1884 1163 1929 celebrate,—

290 1942 390 1975 Item,
408 1941 547 1977 ibidem,
564 1946 687 1970 octavo
704 1940 758 1970 die
776 1940 906 1970 mensis
932 1940 1122 1977 Februarii,
1144 1939 1313 1969 Dominus
1330 1939 1500 1969 concessit
1518 1939 1715 1969 Licenciam

332 1985 483 2015 ι1011011111
512 1985 771 2024 Bryghteleo'he
798 1988 833 2014 et
859 1984 987 2023 Agneti
1013 1984 1089 2024 ejus
1112 1984 1221 2021 uxori,
1238 1984 1328 2023 quod
1345 1983 1480 2022 possint
1497 1983 1612 2013 facere
1629 1983 1715 2013 cele-

334 2030 425 2059 brari
453 2029 579 2059 Divina
605 2039 666 2068 pcr
692 2029 904 2068 presbiteros
927 2028 1091 2068 ydoneos
1117 2028 1186 2057 suis
1211 2028 1408 2067 sumptibus
1425 2027 1662 2065 inveniendos,
1680 2027 1714 2056 in

334 2074 357 2103 (
362 2074 473 2113 aiapzlli
493 2073 619 2103 Sancte
638 2073 816 2107 Katerine
834 2076 894 2102 aut
911 2073 978 2102 alio
994 2073 1068 2102 loco
1094 2072 1239 2102 honesto
1263 2076 1297 2102 et
1314 2072 1459 2112 moneo,
1478 2071 1567 2101 infra
1588 2071 1713 2101 Mansi-
1722 2083 1725 2087 ’

331 2128 432 2148 onem
461 2128 559 2147 suam
593 2117 634 2147 de
662 2117 913 2156 Brythnleghe
943 2115 1034 2155 (sec),
1060 2117 1095 2145 111
1122 2117 1287 2146 Parochia
1321 2116 1363 2146 de
1396 2115 1714 2156 (hytelhamptone
1901 2111 1907 2180 Ι

332 2162 521 2198 εἰῑιηὶῐῆηη
539 2162 581 2191 ad
599 2141 866 2201 benepllcitum
877 2161 1025 2199 Domini,
1043 2164 1109 2191 etc.

284 2215 691 2264 Letters-Dimissory,
701 2239 748 2242 ψ

285 2271 375 2301 John
394 2271 528 2301 Junnes
545 2271 613 2300 and
648 2270 664 2313 ἶ

285 2316 436 2345 Thomas
454 2315 603 2355 Vytalle,
648 2319 663 2352 j

285 2370 510 2419 Paignt0n3
548 2369 725 2406 Licencz'a
756 2369 809 2406 acl
836 2369 1072 2406 audiendum
1101 2368 1359 2416 Corqfess‘e'ones
1382 2367 1709 2416 parochianorum

336 2423 498 2460 Ecclesie.
517 2424 562 2460 de
582 2424 859 2471 Peynytone,--

286 2478 441 2509 Granted
462 2476 511 2517 (in
538 2478 590 2507 the
607 2488 751 2507 common
766 2475 871 2515 surm)
892 2480 928 2507 to
946 2478 1077 2508 Master
1094 2477 1200 2516 Hugh
1219 2476 1458 2516 Hyokclyngc,
1477 2476 1494 2488 ‘⁴
1510 2476 1709 2506 Precentori

332 2523 484 2553 Ecclesie
511 2522 731 2552 Catliedralis
761 2521 966 2551 Exoniensis
993 2524 1028 2552 et
1056 2521 1289 2561 Proprietario
1316 2521 1468 2550 Ecclesic
1498 2519 1710 2550 Parochialis

328 2568 369 2596 de
398 2566 633 2606 Peyngtone,⁷'
663 2567 732 2596 and
762 2566 817 2596 Sir
842 2566 993 2596 Thomas
1019 2563 1335 2605 [Ayschpertone]‚
1353 2565 1412 2594 the.
1439 2564 1553 2601 Vicar,
1582 2563 1709 2602 during

325 2610 656 2650 pleasure.—--Dated
672 2617 708 2640 at
727 2610 834 2649 Clyst,
855 2611 894 2639 12
920 2610 1001 2640 Feb.

281 2665 430 2701 Exeter
450 2666 530 2701 (md
552 2663 997 2712 Moreton-Hampstead
1015 2677 1025 2709 3
1055 2664 1207 2700 Licence
1228 2670 1263 2699 to
1283 2664 1469 2707 celebrate,
1493 2669 1622 2707 etc„—

282 2721 383 2757 Item,
409 2720 539 2750 eisdem
566 2719 620 2749 die
645 2723 680 2749 et
696 2719 781 2756 loco,
800 2719 970 2749 Dominus
986 2719 1157 2749 concessit
1175 2718 1370 2748 Licenciam
1389 2717 1536 2747 Domino
1555 2716 1707 2746 Henrico

325 2764 551 2801 Brokelonde,
571 2763 745 2793 Canonico
770 2763 923 2793 Ecclesie
949 2762 1168 2793 Cathedralis
1194 2762 1399 2792 Exoniensis
1423 2771 1463 2791 ac
1488 2761 1625 2791 Rectori
1645 2760 1705 2790 Ec-

323 2808 425 2838 clesie
454 2807 667 2838 Parochialis
693 2807 735 2837 de
765 2807 934 2844 Mortone,
967 2807 1058 2847 quod
1082 2807 1192 2846 possit
1220 2806 1395 2836 celebrare
1422 2804 1557 2843 Divina,
1586 2806 1621 2834 et
1644 2814 1706 2843 per

321 2851 532 2891 presbiteros
549 2851 712 2891 ydoneos,
724 2851 760 2881 in
774 2861 837 2882 sua
847 2851 1038 2890 presencia,
1051 2850 1168 2881 facere
1179 2849 1357 2888 celebrari,
1371 2849 1499 2889 absque
1512 2847 1706 2888 prejudicio

319 2895 441 2934 alieno,
459 2895 495 2925 in
513 2894 665 2937 Capella,
683 2894 755 2925 sive
773 2894 943 2933 Oratorio,
961 2897 1021 2925 aut
1038 2894 1106 2925 alio
1122 2893 1197 2925 loco
1213 2903 1367 2933 congruo
1391 2895 1426 2923 et
1449 2892 1605 2930 honesto,
1630 2894 1703 2922 tam

682 2292 804 2331 clerks,
820 2293 921 2330 prim.
940 2295 1032 2329 tons„
1051 2292 1069 2304 ‘⁴
1083 2292 1126 2322 ad
1145 2290 1294 2321 omnes'‘
1315 2289 1426 2330 (same
1444 2288 1554 2329 date).
