1907 3212
171 284 266 332 672

170 397 202 423 Α.
209 397 246 423 D.

171 432 243 456 1388.

170 463 232 490 Vol.
250 463 272 489 1.

179 2295 227 2321 sol.
249 2297 302 2321 192.

382 297 482 330 THE
517 296 757 330 REGISTER
798 296 858 328 OF
898 296 1075 330 BISHOP
1109 297 1511 333 BRANTYNGHAM.

329 401 481 431 Ecclesie
510 399 699 437 Ministros‚
728 399 893 430 Divinum
920 399 1089 438 Officium,
1114 400 1278 430 diurnum
1294 401 1426 441 pariter
1442 403 1478 432 et
1493 404 1714 437 nocturnum,

327 445 543 484 temporibus
568 446 603 474 et
631 444 725 474 horis
749 444 1038 483 competentibus,
1067 454 1146 475 cum
1172 444 1358 475 devocione
1382 445 1501 476 debita
1516 447 1715 485 peragatur,

327 488 492 518 distincte.
509 490 543 518 et
561 490 690 527 aperte,
709 488 837 527 absque
855 488 949 518 omni
964 488 1204 527 sincopacione
1215 491 1250 519 et
1262 489 1542 529 precipitacione,
1558 489 1716 529 legendo,

327 532 618 572 psalmoditandO,
636 535 671 562 et
687 532 871 570 cantando,
896 532 1003 562 nichil
1027 533 1167 572 penitus
1191 533 1451 564 committentes
1475 534 1566 574 quod
1590 533 1715 563 Divine

328 577 482 607 offendat
499 577 616 606 oculos
634 576 999 615 Magestatis.—ITEM,
1017 586 1095 606 cum
1122 577 1272 607 Domum
1293 577 1433 608 Domini
1450 577 1573 608 deceat
1590 577 1715 607 sancti-

328 621 422 659 tudo,
440 621 476 650 111
493 630 570 660 qua,
587 630 627 651 eo
644 621 736 660 quod
753 621 864 650 Locus
876 620 1055 651 Oracionis
1067 631 1142 651 esse
1160 621 1361 659 dinoscitur,
1374 622 1553 653 universos
1571 621 1715 652 Christi-

328 665 431 703 colas,
449 666 484 694 et
500 665 663 704 precipue
681 665 773 695 viros
790 665 1063 703 Ecclesiasticos,
1081 675 1166 704 quos
1182 675 1244 705 pro
1262 666 1383 705 seipsis
1399 668 1435 696 et
1451 666 1528 696 aliis
1543 666 1588 696 ad
1604 666 1716 696 Deum

329 719 450 748 preces
473 708 620 739 fundere
644 709 776 739 nemini
801 709 897 739 venit
922 709 957 738 111
982 709 1126 739 dubium
1150 709 1307 748 obligari,
1326 710 1545 741 oracionibus
1560 710 1716 740 intentos

328 762 404 783 esse
422 753 589 783 condecet
605 755 640 783 et
657 755 804 792 oportet,
821 763 864 783 ne
881 753 928 783 ibi
946 753 1213 783 committantur
1224 753 1361 793 piacula
1371 754 1428 783 ubi
1441 756 1494 784 est
1511 754 1716 784 delictorum

329 797 432 827 venia
448 797 667 836 postulanda,
680 796 984 827 confabulaciones
998 800 1032 827 et
1044 797 1252 837 vaniloquia,
1270 797 1458 835 irrisiones,
1469 798 1715 828 subsannacio-

329 851 401 878 nes,
411 844 594 881 ceteraque
606 841 755 879 scurilia,
768 841 823 881 obj
829 841 1044 880 urgaciones,
1056 851 1096 872 ac
1108 851 1299 880 murmura,
1308 852 1516 882 omnemque
1524 842 1716 872 tumultum

329 885 365 915 in
384 885 497 915 Choro
514 886 606 916 dicte
622 888 741 915 nostre
760 885 923 924 Ecclesic,
943 886 1092 916 maxime
1110 886 1193 916 dum
1211 886 1337 916 Divina
1352 889 1570 926 peraguntur
1586 886 1717 924 Officia,

330 929 403 959 fieri
426 929 550 960 amodo
576 929 810 969 prohibemus,
840 930 904 960 sub
932 940 1022 969 pena
1049 932 1169 960 nostro
1193 932 1229 960 et
1255 930 1500 961 Successorum
1516 932 1716 960 nostrorum

329 974 475 1003 arbitrio
506 974 851 1004 contravenientibus
875 974 1223 1013 infligenda-ITEM,
1249 974 1414 1014 quoniam
1438 974 1592 1005 facilitas
1616 974 1716 1004 venie

328 1018 546 1048 incentivum
578 1018 701 1048 tribuit
735 1018 961 1058 delinquenti,
993 1028 1057 1049 nec
1096 1018 1314 1058 pertimescit
1346 1018 1422 1058 quis
1453 1028 1580 1058 penam
1611 1028 1716 1058 quam

331 1071 352 1092 a
384 1062 568 1102 Superiore
600 1062 665 1093 sibi
696 1062 832 1092 noverit
858 1062 900 1092 de
932 1062 1028 1092 facili
1055 1063 1316 1100 remittendam,
1344 1063 1565 1102 precipimus,
1600 1062 1714 1103 injun-

330 1106 455 1145 gimus,
487 1108 523 1136 et
549 1106 757 1137 mandamus
779 1106 943 1146 quatinus
971 1107 1062 1137 dicte
1091 1109 1209 1137 nostre
1234 1107 1387 1137 Ecclesie
1414 1107 1626 1146 Prepesitus,
1655 1116 1716 1137 seu

330 1150 406 1191 ejus
430 1151 544 1181 locum
570 1152 695 1181 tenens
722 1150 780 1189 qui
808 1161 870 1190 pro
901 1153 1059 1190 tempore
1090 1151 1256 1189 extiterit,
1288 1151 1593 1191 transgressiones,
1625 1151 1715 1181 inso-

329 1194 470 1232 lencias,
496 1197 532 1224 et
554 1204 714 1225 excessus
738 1194 966 1233 Vicariorum,
991 1195 1308 1233 Annuellariorum,
1335 1198 1597 1235 ceterorumque
1625 1195 1715 1236 ejus-

329 1238 409 1270 dem
441 1238 595 1270 Ecclesie
627 1238 867 1269 Ministrorum
899 1239 1065 1277 omnium,
1097 1240 1189 1270 circa
1213 1239 1379 1269 Divinum
1404 1239 1563 1270 Officium
1587 1249 1627 1270 ac
1651 1239 1720 1270 alia

330 1283 442 1322 ipsam
469 1283 661 1313 Ecclesiam
684 1283 937 1322 contingencia,
955 1283 990 1313 in
1020 1283 1191 1323 Capitulo,
1220 1283 1255 1313 in
1281 1283 1371 1314 Loco
1389 1283 1592 1323 Capitulari,
1616 1283 1717 1323 juxta

332 1327 483 1366 Statuta,
512 1327 770 1364 Ordinaciones,
799 1330 835 1357 et
863 1327 1141 1358 Consuetudines
1169 1327 1260 1358 dicte
1290 1327 1443 1358 Ecclesie
1468 1327 1505 1357 in
1528 1327 1593 1358 hac
1616 1329 1716 1366 parte

330 1371 434 1409 edita,
460 1371 601 1409 usitata,
630 1374 665 1401 et
697 1371 897 1410 approbata,
925 1372 1040 1401 debite
1077 1372 1229 1411 corrigat
1257 1374 1293 1401 et
1324 1371 1501 1409 reformet,
1527 1381 1567 1402 ac
1597 1371 1716 1401 taliter

330 1416 366 1445 in
391 1416 489 1454 penis
511 1425 572 1454 per
600 1415 721 1445 eadem
746 1415 896 1454 Statuta,
923 1416 1180 1453 Ordinaciones,
1207 1418 1242 1446 et
1267 1415 1544 1446 Consuetudines
1568 1426 1630 1455 pro
1658 1415 1713 1445 de-

331 1460 467 1490 meritis
491 1470 611 1489 eorum
635 1460 786 1495 inflictis,
812 1469 848 1489 se
872 1460 1000 1490 habeat
1021 1463 1125 1499 atque
1150 1462 1250 1499 gerat
1273 1460 1364 1499 quod
1390 1460 1611 1499 delinquendi
1643 1459 1714 1489 adi-

331 1506 448 1534 matur
471 1504 626 1541 audacia,
643 1513 684 1533 ac
708 1504 872 1533 honestas
898 1504 1050 1534 Ecclesic
1074 1514 1136 1543 per
1160 1504 1276 1534 omnia
1299 1507 1533 1542 conservetur,
1550 1504 1646 1533 nulla
1663 1503 1713 1534 eis

330 1548 366 1577 in
384 1547 448 1578 hac
465 1550 564 1586 parte
581 1547 786 1577 remissione
800 1558 859 1578 seu
871 1548 989 1586 gracia
1002 1548 1310 1586 valitura—ITEM,
1325 1558 1403 1578 cum
1416 1548 1489 1578 vita
1502 1550 1536 1578 et
1549 1548 1714 1578 honestas

330 1592 484 1622 virorum
514 1591 837 1622 Ecclesiasticorum
864 1602 927 1631 per
951 1592 1230 1622 cohabitaciones
1258 1595 1293 1621 et
1317 1592 1495 1622 consorcia
1518 1591 1714 1630 mulierum,

331 1637 456 1666 saltem
488 1638 739 1675 suspectarum,
772 1636 887 1675 sepius
918 1637 1148 1674 maculentur,
1174 1636 1271 1666 vobis
1304 1636 1494 1676 Preposito,
1523 1636 1714 1676 ceterisque

333 1680 518 1711 Canonicis
542 1683 577 1710 et
604 1680 775 1710 Ministris
796 1680 932 1719 prefate
958 1680 1111 1711 Ecclesie
1136 1683 1253 1710 nostre
1274 1680 1474 1719 Collegiate,
1497 1680 1658 1710 omnibus
1680 1682 1715 1710 et

332 1725 488 1763 singulis,
504 1724 703 1754 inhibemus
720 1734 763 1754 ne
780 1725 913 1763 aliquas
930 1725 1103 1762 mulieres,
1122 1725 1188 1754 nisi
1212 1724 1304 1754 forte
1329 1724 1370 1754 de
1394 1724 1462 1754 illis
1486 1724 1642 1763 personis
1659 1734 1714 1754 ex-

332 1769 442 1799 istant
459 1769 501 1798 de
518 1768 642 1807 quibus
659 1769 819 1798 naturale
836 1768 938 1798 fedus
956 1769 1061 1799 nichil
1078 1768 1252 1808 permittit
1270 1768 1341 1798 sevi
1366 1768 1521 1798 criminis
1534 1768 1713 1808 suspicari,

332 1813 368 1842 in
385 1813 511 1842 vestris
528 1812 687 1842 domibus
704 1813 863 1850 teneatis,
882 1823 942 1843 seu
966 1813 1144 1843 vobiscum
1166 1812 1324 1842 habitare
1350 1812 1548 1852 aliqualiter
1572 1812 1714 1852 permit-

332 1857 426 1894 tat-is;
440 1856 647 1896 pedissecas’
658 1857 859 1886 earumdem
870 1867 1097 1896 personarum
1109 1857 1287 1887 vobiscum
1299 1857 1457 1886 habitare
1466 1857 1715 1896 permissarum

334 1911 354 1931 a
369 1901 546 1931 consorcio
560 1903 594 1930 et
608 1901 868 1931 cohabitacione
882 1901 1008 1931 vestris
1018 1901 1158 1940 penitus
1170 1901 1279 1931 eciam
1291 1904 1539 1939 ammoventes,
1549 1901 1612 1931 sub
1625 1911 1716 1940 pena

333 1945 716 1975 Excommunieacionis
734 1945 878 1985 Majoris
894 1946 930 1975 111
947 1946 1251 1976 contravenientes
1268 1945 1303 1974 in
1320 1945 1507 1984 premissis,
1524 1945 1580 1975 vel
1596 1955 1716 1975 eorum

333 1990 458 2029 aliquo,
475 1999 538 2028 per
560 1999 624 2019 nos
641 1991 676 2019 et
701 1988 923 2020 successores
945 1992 1082 2020 nostros
1107 1989 1280 2019 Canonice
1304 1989 1714 2028 prmnulgande.—ITEM,

333 2033 414 2073 quia
430 2034 523 2064 viros
540 2033 813 2072 Ecclesiasticos,
831 2036 865 2063 et
882 2034 1044 2073 precipue
1061 2033 1096 2063 in
1115 2033 1316 2072 Collegiatis
1341 2033 1505 2063 Ecclesiis
1521 2033 1716 2071 collocatos,

333 2087 396 2117 per
412 2077 505 2107 vicos
522 2088 591 2107 non
612 2078 711 2107 decet
739 2078 932 2107 discurrere
955 2088 1017 2108 seu
1033 2078 1163 2117 vagari,
1181 2088 1245 2107 nec
1268 2077 1435 2107 laicorum
1460 2077 1623 2116 hospicia,
1640 2087 1717 2117 pre-

335 2122 455 2151 sertim
466 2122 523 2151 ubi
536 2122 699 2151 mulieres
710 2121 881 2159 habitant,
890 2132 933 2151 ne
945 2132 1012 2161 qua
1021 2122 1153 2151 oriatur
1162 2122 1304 2151 sinistra
1313 2121 1471 2160 suspicio,
1483 2121 1715 2161 frequentare,

332 2166 553 2204 precipimus,
578 2165 805 2204 injungimus,
830 2168 865 2195 et
890 2166 1108 2203 mandamus,
1133 2166 1168 2195 111
1192 2166 1322 2195 virtute
1362 2165 1569 2196 obediencie
1594 2168 1629 2195 et
1653 2165 1716 2196 sub

336 2209 478 2249 Majoris
503 2210 884 2240 Excommunicacionis
910 2220 1010 2249 pena,
1035 2210 1199 2249 quatinus
1223 2220 1343 2240 omnes
1367 2212 1402 2239 ct
1426 2209 1553 2249 singuli
1578 2210 1717 2248 Vicarii,

334 2254 508 2293 ceterique
523 2253 675 2283 Ministri
693 2254 849 2293 ejusdem
863 2254 1015 2285 Ecclesie
1033 2254 1069 2284 in
1086 2255 1176 2284 Aula
1188 2264 1308 2284 eorum
1325 2254 1510 2291 communi,
1524 2257 1627 2293 prout
1638 2254 1716 2284 hac-

338 2300 441 2327 tenus
458 2298 532 2327 fieri
557 2298 700 2335 solebat,
718 2298 821 2327 simul
846 2298 1040 2337 prandeant
1064 2302 1167 2338 atque
1192 2300 1333 2334 cenent3
1357 2297 1504 2328 Vicariis
1522 2298 1716 2336 Canonicis,

336 2342 419 2371 dum
432 2342 591 2380 Magistri
603 2342 653 2371 sui
663 2342 817 2371 resident
829 2342 1006 2381 speciales,
1016 2352 1141 2381 eosque
1150 2343 1194 2372 ad
1210 2342 1457 2381 Magistrorum
1469 2352 1609 2372 suorum
1622 2352 1714 2372 men-

336 2396 409 2415 sam
420 2386 538 2416 sedere
548 2386 744 2424 contigerit,
755 2396 794 2416 ac
805 2386 872 2415 11113
882 2387 938 2425 qui
949 2387 990 2416 ad
1000 2396 1155 2416 mensam
1170 2386 1318 2425 alicujus
1332 2386 1508 2423 Canonici,
1520 2386 1630 2416 eciam
1644 2397 1713 2416 non

336 2430 387 2460 sui
414 2430 583 2469 Magistri,
608 2429 741 2459 fuerint
765 2430 916 2468 invitati,
942 2431 1124 2460 dumtaxat
1149 2431 1323 2469 exceptis;
1355 2430 1421 2459 nisi
1446 2430 1537 2460 forte
1562 2431 1715 2470 ipsorum

336 2474 533 2513 quempiam
552 2485 571 2503 a
588 2484 735 2513 persona
758 2474 914 2511 honesta,
932 2475 1041 2504 eciam
1060 2477 1158 2504 extra
1176 2475 1339 2504 Clausum
1358 2474 1521 2512 Ecclesie,
1541 2475 1664 2505 fraude
1681 2478 1716 2505 et

336 2518 561 2548 simulacione
586 2518 859 2557 quibuscumque
883 2518 1110 2556 cessantibus,
1135 2518 1321 2557 contigerit
1345 2518 1507 2555 invitari;
1532 2529 1676 2557 necnon,
1697 2529 1717 2549 a

337 2562 621 2601 frequentacione
634 2572 668 2591 se
682 2562 883 2592 abstineant
899 2563 1136 2599 tabernarum,
1151 2563 1214 2592 sub
1233 2572 1320 2601 pena
1334 2562 1491 2601 superius
1505 2566 1714 2602 expressata.

337 2606 392 2636 Ad
409 2606 481 2643 hec,
500 2606 660 2635 omnibus
673 2608 707 2635 et
725 2606 871 2644 singulis
886 2606 1069 2636 Canonicis
1082 2607 1173 2636 dicte
1192 2606 1344 2636 Ecclesie
1360 2606 1548 2645 Collegiate
1565 2607 1715 2647 injungi-

338 2660 425 2687 mus,
442 2650 663 2689 precipimus,
682 2652 716 2679 et
733 2651 940 2680 mandamus
957 2651 1121 2690 quatinus
1138 2650 1273 2680 edificia
1298 2650 1557 2680 Prebendarum
1575 2660 1715 2680 suarum

337 2694 472 2723 dii-ruta
492 2694 693 2723 reedificent
710 2696 745 2723 ct
769 2697 943 2733 reparent,
960 2697 999 2724 ut
1024 2697 1198 2731 tenentur,
1218 2694 1280 2724 sub
1305 2704 1394 2733 pena
1420 2694 1715 2733 Sequestracionis

338 2737 516 2767 fructuum
536 2738 794 2768 Prebendarum
812 2748 953 2768 suarum
971 2738 1170 2778 hujusmodi
1185 2753 1191 2775 ;
1216 2748 1301 2777 quos
1317 2748 1424 2777 usque
1441 2738 1484 2767 ad
1501 2738 1716 2777 quantitates

337 2791 414 2811 cum
439 2782 563 2821 quibus
588 2782 787 2821 hujusmodi
811 2782 969 2812 defectus
993 2784 1159 2821 poterunt
1183 2791 1333 2821 congrue
1358 2781 1522 2820 reparari,
1541 2781 1716 2812 Canonica

558 2869 565 2888 ¹
595 2872 654 2910 i.e.,
673 2870 690 2884 “
705 2871 911 2912 pedisequas
926 2872 978 2894 '’*
990 2871 1116 2903 female
1133 2873 1346 2902 attendants.
