1907 3212
776 342 1040 377 APPENDIX.
1584 333 1673 376 901

143 446 228 476 [ΑΗΒ
255 448 425 479 Noverint
448 447 602 479 universi
626 447 726 488 quod,
744 457 821 478 cum
847 447 940 477 inter
964 446 1153 477 Dominum
1171 445 1363 476 Walterum
1388 444 1430 475 de
1457 444 1678 485 Stapeldone,

143 481 214 506 1308.
221 480 229 510 ]

298 493 361 523 Dei
385 493 503 531 gracia
527 492 758 523 Exoniensem
783 491 1003 531 Episcopum,
1021 500 1062 521 ex
1086 492 1185 530 parte
1203 500 1282 528 una,
1300 494 1335 520 et
1353 489 1541 520 Dominum
1561 489 1678 529 Hugo-

296 547 388 575 nem,
405 537 515 567 filium
532 538 567 567 et
582 536 746 567 heredem
763 535 903 566 Domini
921 535 1080 575 Hugonis
1104 534 1145 564 (10
1164 534 1394 573 Courtenaye‚
1414 543 1455 563 ex
1471 534 1592 571 altera,
1611 534 1677 565 dis-

298 581 414 612 cordie
442 581 589 611 materia
614 580 741 611 fuisset
768 582 887 610 exorta
915 589 1019 619 super
1046 589 1085 609 eo
1117 578 1208 618 quod
1233 578 1347 609 dictus
1379 577 1549 608 Dominus
1575 578 1678 617 Hugo

297 625 462 656 clamavit
477 628 513 655 et
529 625 657 655 clamat
675 624 868 654 Manerium
892 623 934 654 de
961 623 1135 662 Slaptone,
1153 623 1186 652 in
1214 622 1393 652 Comitatu
1417 622 1581 660 Devonie,
1599 632 1678 653 cum

296 669 532 709 pertinenciis,
550 669 592 699 de
609 669 730 699 eodem
748 668 897 698 Domino
914 667 1085 707 Episcopo
1101 677 1164 706 per
1184 666 1385 706 homagium
1409 669 1445 696 et
1470 666 1655 697 servicium
1670 681 1676 703 ;

297 714 476 744 occasione
494 713 594 753 cujus
609 716 732 743 tenure
751 712 900 743 asseruit
918 711 1032 742 dictus
1049 712 1218 741 Dominus
1237 711 1340 750 Hugo
1357 710 1448 750 quod
1465 710 1585 740 debuit
1602 721 1677 741 esse

299 758 515 789 Senescallus
531 757 615 787 dicti
633 757 771 787 Domini
789 756 950 796 Episcopi
967 756 1004 786 in
1020 756 1123 786 Festo
1141 755 1431 785 Intronizacionis
1456 765 1526 792 sue,
1544 758 1579 785 et
1603 755 1677 794 ipse

297 805 332 832 ct
364 802 509 832 heredes
534 802 587 832 sui
615 801 775 831 similiter
796 801 831 830 in
859 800 1012 840 quolibet
1041 800 1144 830 Festo
1170 799 1460 829 Intronizacionis
1490 799 1678 839 cujuslibet

297 846 458 886 Episcopi
476 845 690 883 Exoniensis,
707 848 743 876 et
759 854 886 884 ponere
904 844 1062 875 homines
1078 844 1123 874 ad
1139 844 1398 883 beneplacitum
1416 853 1517 873 suum
1542 843 1578 873 in
1594 853 1675 883 quo-

296 890 382 921 libet
413 890 523 920 officio
554 890 590 919 in
620 889 713 920 dicto
745 890 858 927 Festo,
884 891 919 919 et
950 888 1065 928 aliqua
1095 888 1198 919 feoda
1222 888 1409 928 percipere,
1438 887 1486 918 ibi
1517 890 1552 917 et
1582 887 1675 926 alibi,

295 934 474 965 occasione
493 934 707 965 Senescalcie
730 933 904 973 predicte3
929 933 1082 970 tandem,
1100 933 1155 963 die
1180 935 1215 962 et
1238 933 1313 962 loco
1337 931 1570 962 ccnfeccionis
1595 932 1675 962 Pre-

295 979 461 1017 sencium,
478 978 720 1009 communibus
737 977 857 1008 amicis
874 977 1198 1015 intervenientibus,
1216 986 1320 1016 super
1339 976 1433 1007 dicta
1458 975 1676 1007 Senescalcia

296 1025 331 1053 et
354 1023 457 1053 feodo
481 1023 660 1053 occasione
683 1022 775 1052 dicte
800 1021 1015 1052 Senescalcie
1038 1021 1271 1061 percipiendo,
1290 1031 1425 1051 necnon
1441 1022 1476 1051 et
1500 1021 1675 1060 posicione

296 1067 475 1097 hominum
492 1067 575 1098 dicti
600 1066 740 1097 Domini
764 1066 924 1105 Hugonis
940 1071 975 1096 et
992 1065 1160 1096 heredum
1177 1075 1318 1095 suorum
1342 1065 1377 1095 in
1394 1064 1506 1096 officio
1522 1065 1558 1095 in
1582 1065 1675 1095 dicto

296 1111 409 1149 Festo,
435 1115 471 1141 et
497 1111 606 1142 eciam
632 1110 792 1141 omnibus
823 1110 900 1140 aliis
933 1110 1063 1140 dictam
1093 1109 1347 1140 Senescalciam
1374 1109 1613 1148 tangentibus,
1637 1109 1674 1139 in

295 1156 409 1185 forma
425 1155 650 1195 subsequenti
666 1154 828 1185 convenit
844 1154 1021 1194 perpetuis
1038 1154 1254 1193 temporibus
1278 1155 1478 1191 servatura3
1501 1153 1674 1192 videlicet,

295 1199 386 1238 quod
409 1200 586 1239 predictus
610 1199 780 1229 Dominus
806 1199 919 1237 Hugo,
936 1198 1073 1229 racione
1098 1198 1247 1238 predicti
1272 1198 1419 1228 Manerii
1436 1198 1477 1228 de
1496 1197 1672 1237 Slaptone,

295 1244 386 1283 quod
403 1244 444 1274 de
461 1243 553 1274 dicto
572 1243 718 1273 Domino
736 1243 906 1283 Episcopo
922 1245 1020 1273 tenet
1044 1242 1184 1272 nomine
1202 1242 1410 1273 Senescalcii
1426 1244 1460 1272 et
1478 1242 1614 1273 servicii
1631 1242 1673 1273 dc

296 1288 388 1318 dicto
406 1288 562 1318 Manerio
579 1288 621 1318 de
639 1287 803 1327 Slaptone
821 1287 913 1317 dicto
927 1287 1075 1317 Domino
1093 1286 1263 1326 Episcopo
1279 1286 1397 1324 debiti,
1412 1286 1467 1316 die
1481 1287 1672 1317 Introniza-

296 1332 404 1362 cionis
431 1332 618 1372 cujuslibet
645 1331 806 1371 Episcopi
835 1331 1040 1361 Exoniensis
1072 1341 1133 1361 suo
1164 1334 1321 1370 tempore
1352 1330 1606 1369 intronizandi;
1638 1334 1674 1361 et

295 1376 441 1407 heredes
468 1377 521 1407 sui
546 1376 604 1416 qui
630 1376 731 1416 plene
759 1376 864 1406 etatis
888 1375 1022 1406 fuerint
1048 1377 1127 1414 post
1154 1375 1279 1414 ipsum,
1304 1375 1358 1405 die
1384 1375 1674 1406 Intronizacionis

295 1420 481 1460 cujuslibet
505 1420 667 1460 Episcopi
693 1420 898 1450 Exoniensis
922 1419 1044 1457 futuri,
1062 1419 1253 1449 obviabunt
1270 1419 1363 1449 dicto
1388 1419 1558 1459 Episcopo
1574 1422 1674 1450 extra

294 1464 436 1494 Portam
464 1464 689 1501 Orientalem,
713 1465 749 1494 in
775 1464 944 1494 descensu
970 1463 1133 1503 palefridi
1162 1464 1215 1494 sui
1239 1464 1284 1494 ad
1316 1464 1461 1501 tardius,
1487 1466 1522 1494 et
1545 1466 1674 1495 extunc

292 1508 435 1539 inantea
459 1509 586 1539 ducent
610 1509 703 1539 latus
726 1508 802 1548 ejus
826 1508 1018 1545 dexterum,
1035 1508 1216 1548 ipsumque
1241 1518 1261 1538 a
1284 1518 1454 1538 concursu
1476 1513 1511 1538 et
1535 1518 1674 1548 oppres-

293 1553 388 1583 sione
411 1553 530 1592 populi
552 1563 615 1592 pro
639 1552 771 1583 viribus
795 1552 1061 1589 conservabunt,
1086 1562 1263 1591 quousque
1288 1552 1436 1582 ducatur
1459 1552 1496 1582 in
1520 1552 1673 1583 Chorum

293 1597 447 1628 Ecclesie
475 1594 698 1628 Cathedralis
727 1596 931 1627 Exoniensis
955 1596 1238 1633 intronizandus-3
1263 1598 1298 1626 et
1318 1597 1578 1636 subsequenter,
1599 1597 1674 1637 ipso

292 1641 357 1680 die,
374 1641 411 1671 in
427 1641 551 1681 majori
568 1641 772 1679 refeccione‚
788 1647 921 1680 ponant
938 1641 1168 1680 personaliter
1185 1643 1299 1671 totum
1323 1641 1475 1680 primum
1499 1640 1672 1671 ferculum

291 1696 408 1716 coram
425 1686 518 1716 dicto
535 1685 684 1716 Domino
702 1685 881 1725 Episcopo,
899 1691 934 1715 et
950 1685 1143 1724 percipient
1167 1685 1411 1715 tautummodo
1435 1688 1583 1724 quatuor
1606 1686 1672 1716 dis-

293 1740 350 1760 cos
374 1732 558 1770 argenteos
582 1730 623 1759 de
648 1730 717 1759 illis
740 1740 825 1769 quos
850 1729 1029 1769 posuerint
1054 1739 1171 1759 coram
1197 1729 1366 1769 Episcopo
1390 1729 1426 1759 in
1443 1729 1536 1759 dicto
1560 1729 1673 1769 primo

292 1773 435 1812 ferculo,
464 1774 532 1805 duo
563 1774 717 1811 salsaria,
744 1776 779 1804 et
810 1784 916 1803 unam
949 1784 1096 1813 cuppam
1129 1774 1171 1803 de
1203 1784 1270 1813 qua
1294 1774 1390 1804 bibet
1415 1774 1606 1813 Episcopus
1629 1774 1674 1805 ad

293 1828 449 1848 mensam
473 1818 510 1848 in
534 1818 628 1848 dicta
658 1818 863 1855 refeccione,
890 1828 998 1847 unum
1031 1815 1237 1856 salsariuni¹‚
1266 1828 1374 1848 unum
1405 1818 1598 1857 picherium
1629 1818 1673 1849 ad

293 1862 423 1900 vinum,
450 1872 559 1892 unum
590 1862 732 1899 coclear,
759 1864 794 1892 et
822 1862 908 1892 duas
933 1862 1050 1901 pelves
1078 1862 1120 1891 de
1146 1862 1270 1901 quibus
1297 1861 1423 1892 laverit
1450 1862 1564 1893 dictus
1593 1863 1671 1902 Epi-

293 1916 416 1945 scopus
443 1906 600 1945 predicto
626 1906 702 1943 (11ος
727 1908 762 1936 et
790 1906 853 1936 hec
881 1906 997 1936 omnia
1021 1916 1105 1936 vasa
1129 1906 1257 1936 debent
1282 1916 1356 1936 csse
1381 1910 1558 1945 argentea.
1606 1907 1671 1945 Ita,

292 1952 421 1987 tamen,
438 1950 539 1990 quod,
557 1950 585 1980 si
602 1950 778 1989 predictus
797 1950 899 1989 Hugo
916 1950 970 1980 vel
988 1950 1132 1980 heredes
1150 1950 1202 1980 sui
1220 1950 1320 1989 plene
1345 1951 1449 1980 etatis
1473 1950 1508 1980 in
1532 1951 1673 1991 propria

291 2004 439 2032 persona
464 1994 659 2033 predictum
688 1994 874 2024 servicium
901 2004 970 2023 non
996 1994 1155 2031 fecerint,
1184 1994 1290 2024 nichil
1313 1995 1454 2025 omnino
1477 1995 1672 2034 percipient

290 2038 331 2068 de
356 2038 448 2069 vasis
472 2038 647 2077 argenteis
672 2038 880 2077 supradictis
909 2038 968 2068 illa
1000 2039 1083 2076 vicc,
1110 2049 1173 2068 nec
1199 2039 1383 2078 quicquam
1415 2039 1509 2069 aliud
1533 2040 1671 2070 racione

292 2082 505 2113 Senescalcie
538 2082 756 2121 supradicte3
797 2083 861 2112 hoc
893 2086 1047 2121 excepte,
1074 2083 1175 2122 quod,
1204 2083 1232 2112 si
1264 2083 1442 2122 predictus
1475 2083 1579 2123 Hugo
1610 2087 1672 2114 aut

291 2126 435 2157 heredes
463 2126 527 2164 sui,
555 2129 711 2165 tempore
739 2127 887 2167 alicujus
920 2127 1120 2166 hujusmodi
1149 2127 1438 2157 Intronizacionis
1464 2127 1583 2158 future
1609 2128 1671 2159 tali

291 2170 488 2209 egritudine
520 2170 652 2200 fuerint
684 2171 820 2209 gravati
852 2171 943 2210 quod
975 2171 1176 2211 hujusmodi
1216 2171 1401 2201 servicium
1442 2172 1672 2211 personaliter

272 2214 406 2244 -facerc
422 2216 607 2254 nequeant,
624 2215 678 2245 vcl
696 2224 757 2253 per
782 2215 891 2245 Breve
909 2215 1049 2245 Domini
1073 2215 1184 2246 nostri
1203 2215 1308 2255 Regis
1324 2215 1369 2246 ad
1385 2216 1671 2255 procuracionem

291 2258 430 2288 Domini
463 2259 622 2298 Episcopi
648 2259 702 2289 vel
729 2259 975 2289 Successorum
1000 2269 1140 2289 suorum
1164 2259 1423 2299 imperpetuum
1451 2260 1584 2291 fuerint
1609 2261 1671 2290 im-

292 2302 410 2341 pediti,
434 2305 518 2332 tunc
542 2302 659 2333 licebit
683 2303 732 2333 eis
756 2313 864 2333 unum
888 2303 1126 2333 honorabilem
1152 2303 1310 2341 Militem,
1336 2304 1472 2335 Literas
1496 2305 1580 2335 dicti
1606 2306 1671 2336 Do-

294 2346 378 2376 mini
404 2346 561 2386 Hugonis
586 2347 640 2377 vel
666 2347 833 2377 heredum
862 2358 1002 2377 suorum
1029 2358 1132 2387 super
1162 2347 1226 2378 hoc
1255 2348 1471 2379 deferentem
1499 2351 1672 2388 patentes,

295 2390 368 2421 loco
386 2401 447 2421 suo
463 2391 507 2421 ad
530 2391 729 2431 hujusmodi
754 2392 938 2422 servicium
963 2392 1195 2429 substituere3
1223 2392 1278 2432 qui
1304 2393 1404 2423 Miles
1426 2393 1558 2433 jurabit
1581 2393 1672 2433 quod

294 2435 471 2474 predictus
495 2435 664 2465 Dominus
688 2445 780 2473 suus,
804 2446 866 2475 pro
890 2446 957 2476 quo
981 2436 1087 2474 venit,
1113 2436 1174 2466 tali
1205 2437 1403 2475 egritudine
1429 2440 1482 2467 est
1505 2440 1672 2477 gravatus

294 2479 385 2518 quod
400 2479 461 2509 illa
475 2479 549 2509 vice
565 2479 795 2519 personaliter
810 2480 928 2511 venire
946 2490 1014 2511 non
1031 2482 1147 2519 potest
1163 2480 1207 2510 ad
1224 2481 1357 2511 dictum
1378 2481 1564 2512 servicium
1588 2481 1671 2512 faci-

294 2523 442 2560 endum;
481 2525 517 2553 et
548 2525 632 2554 tunc
663 2524 871 2554 admittatur
901 2524 946 2554 ad
977 2524 1163 2555 servicium
1188 2524 1410 2562 faciendum3
1442 2528 1478 2555 et
1502 2526 1672 2566 percipiet

295 2567 407 2598 dictus
432 2567 532 2597 Miles
555 2569 669 2598 totum
693 2567 834 2598 feodum
859 2568 1066 2607 predictum,
1090 2568 1135 2598 ad
1160 2578 1246 2608 opus
1271 2569 1356 2599 dicti
1382 2569 1522 2600 Domini
1546 2570 1610 2608 sui,
1635 2570 1671 2600 111

293 2611 407 2641 forma
429 2611 596 2650 predicta
644 2611 699 2649 Et,
724 2611 752 2641 si
778 2612 877 2642 Miles
901 2612 1027 2642 dixerit
1051 2612 1143 2652 quod
1170 2612 1283 2643 dictus
1308 2613 1478 2644 Dominus
1503 2623 1585 2644 suus
1608 2614 1670 2644 im·

292 2655 431 2695 peditus
447 2654 555 2685 fuerit
570 2665 632 2694 per
650 2655 759 2685 Breve
777 2656 917 2686 Domini
935 2656 1049 2695 Regis,
1067 2656 1111 2686 ad
1135 2666 1175 2695 pi
1178 2657 1416 2687 ocuracionem
1436 2657 1574 2687 Domini
1592 2658 1670 2698 Epi-

293 2699 387 2738 scopi
403 2699 458 2728 vel
477 2697 760 2739 [successorum]
779 2709 920 2730 suorum
938 2699 1205 2739 imperpetuum,
1223 2701 1297 2740 ipso
1314 2701 1444 2731 sciente
1469 2708 1505 2731 et
1528 2711 1670 2733 consen-

293 2743 417 2780 ciente,
435 2746 470 2773 et
488 2743 587 2773 Miles
604 2743 678 2792 hoc,
697 2743 887 2774 secundum
905 2744 1157 2774 conscienciam
1175 2754 1284 2781 suam,
1301 2745 1418 2784 jurare
1435 2745 1595 2783 voluerit,
1613 2746 1670 2776 ad—

294 2787 458 2817 mittatur
481 2787 525 2817 ad
549 2787 732 2817 seivicium
757 2788 953 2826 predictum
978 2787 1188 2825 faciendum,
1213 2788 1279 2818 nisi
1302 2789 1479 2828 predictus
1503 2789 1672 2820 Dominus

143 2867 150 2885 ¹
171 2877 334 2899 mensura
350 2866 590 2898 aridorum—‘⁴
605 2877 711 2897 unum
734 2867 870 2898 salsari-
984 2868 1035 2897 Du
1056 2868 1175 2905 Canye.

185 2922 245 2943 um
261 2911 423 2942 fabarum
440 2921 501 2942 seu
517 2911 641 2942 farinae
653 2910 871 2951 plenum.''—-
