1907 3212
476 330 764 364 REGISTRUM
800 330 1256 364 OOMMUNE-ANNO
1298 322 1390 364 16⁰.
1605 321 1696 364 601

162 430 238 456 Α-Β-
318 443 383 473 que
402 433 532 464 Christi
551 435 718 465 Fidelium
738 437 773 465 et
790 434 950 465 Parcium
968 434 1214 474 predictarum,
1232 434 1290 474 qui
1307 434 1486 471 hactenus,
1504 433 1702 464 devocionis

163 464 455 522 &²3⁵⁴13·ferv0re
482 479 648 516 succensi,
674 479 858 509 voluerunt,
885 481 919 509 et
950 482 1122 509 venerunt
1155 478 1357 518 Sepulcrum
1392 478 1612 508 Dominicum
1642 488 1701 508 seu

219 517 223 523 ¹
258 518 263 523 ”
319 521 455 552 Limina
480 523 725 562 Apostolorum
753 523 846 553 Petri
871 530 904 553 et
934 523 1028 553 Pauli
1053 523 1281 562 personaliter
1296 523 1437 552 visitare
1453 522 1701 555 cmmnutandi,

316 566 536 597 Auctoritate
554 568 752 606 Apostolica
768 568 904 606 plenam
923 570 956 596 et
974 567 1118 597 liberam
1144 567 1353 597 concesserit
1371 566 1576 597 facultatem
1591 581 1598 603 ;
1624 576 1699 605 pro-

318 610 392 640 viso
409 611 498 650 quod
515 611 588 650 ipse
606 622 827 650 personeque
841 611 1040 651 hujusmodi
1058 614 1137 641 vota
1155 611 1344 641 emiserunt
1364 611 1405 640 ad
1423 610 1699 650 persequendum

319 654 522 692 Robertum,
540 656 753 694 Antipapam
771 655 976 694 predictum,
995 658 1027 685 et
1046 655 1130 685 alios
1142 655 1222 684 olim
1239 656 1364 685 Sancte
1384 656 1533 685 Romane
1549 655 1700 684 Ecclesie.

319 698 531 735 Cardinales,
545 702 579 729 et
597 700 763 739 quosdam
782 700 866 729 alios
884 700 925 729 de
943 699 1104 729 scismate
1122 703 1154 729 et
1174 699 1284 729 heresi
1303 709 1364 738 per
1381 699 1494 738 ipsum
1512 699 1699 729 Dominum

318 742 446 782 Papam
466 743 646 773 Urbanum
665 744 882 783 dampnatos,
900 743 1128 782 personaliter
1152 754 1187 773 se
1212 743 1396 782 accingant
1421 746 1456 773 et
1479 753 1537 773 eos
1560 743 1702 772 realiter

316 790 590 827 persequantur3
609 792 641 818 et
661 788 704 818 ad
722 788 996 827 persequendum
1014 788 1106 826 ipsos
1124 787 1313 817 Robertum
1331 790 1366 817 et
1382 787 1468 817 alios
1492 787 1700 826 dampnatos

318 834 455 860 tantum
474 836 685 870 exponerent
706 836 873 871 quantum
899 832 1048 862 fuissent
1073 832 1256 870 expensuri
1281 831 1394 861 eundo
1418 831 1461 861 ad
1485 831 1699 861 visitandum

317 875 513 914 predictum
532 876 746 915 Sepulcrum,
764 886 823 905 seu
843 876 975 905 Limina
994 876 1249 914 Apostolorum.
1267 882 1301 905 et
1318 875 1447 905 ibidem
1472 875 1640 905 morando
1665 881 1697 904 et

317 919 442 949 abinde
460 920 654 957 redeundo3
680 931 823 953 necnon,
842 926 979 949 tantum
1003 922 1182 959 quantum,
1209 920 1236 949 si
1263 919 1464 959 Sepulcrum
1485 929 1545 949 seu
1563 919 1699 949 Limina

318 963 517 1003 hujusmodi
550 965 761 999 visitassent,
793 964 920 994 ibidem
953 964 994 993 de
1026 964 1174 1003 propriis
1210 963 1436 993 facultatibus
1468 963 1698 1000 obtulissent3

318 1007 517 1047 hujusmodi
542 1018 660 1038 eorum
686 1012 765 1038 vota
794 1009 830 1038 in
858 1008 922 1038 hoc
939 1008 1033 1047 pium
1052 1018 1137 1047 opus
1154 1008 1374 1038 Auctoritate
1392 1007 1591 1046 Apostolica
1608 1017 1698 1037 com-

317 1052 506 1088 mutando;
531 1052 690 1092 idemque
710 1053 931 1082 Reverendus
950 1053 1062 1087 Pater,
1082 1052 1272 1091 Episcopus
1290 1052 1533 1089 Norwicensis,
1552 1052 1696 1081 nonnul-

316 1096 366 1124 los
383 1096 474 1126 viros
494 1096 764 1131 Ecclesiasticos,
784 1096 962 1126 Seculares
986 1099 1019 1126 et
1048 1096 1249 1133 Religiosos,
1274 1096 1318 1125 ad
1343 1096 1555 1125 audiendum
1579 1095 1698 1135 hujus-

315 1140 408 1169 modi
426 1140 669 1170 Confessiones
685 1150 911 1180 personarum
929 1141 992 1170 sibi
1011 1141 1167 1170 confiteri
1186 1141 1378 1170 volencium
1394 1150 1433 1170 ac
1446 1140 1530 1179 ipsis
1543 1140 1700 1179 personis

314 1184 468 1214 debitam
487 1185 753 1215 Absolucionem
770 1195 832 1224 pro
850 1185 1043 1214 commissis
1056 1185 1329 1223 impendendum
1347 1188 1379 1214 et
1399 1185 1587 1214 salutarem
1604 1185 1698 1223 peni-

315 1228 466 1258 tenciam
483 1229 748 1268 injungendum,
766 1238 901 1258 necnon
918 1232 998 1258 vota
1016 1228 1226 1267 hujusmodi,
1244 1232 1280 1258 ut
1300 1228 1525 1267 premittitur,
1547 1238 1698 1258 commu-

315 1272 471 1310 tandum,
488 1273 523 1302 in
542 1273 703 1303 Partibus
720 1273 856 1310 Anglie,
874 1276 907 1302 et
925 1273 1107 1311 presertim
1126 1273 1161 1302 in
1179 1273 1307 1302 nostris
1326 1272 1475 1302 Civitate
1493 1275 1529 1302 et
1552 1272 1698 1309 Diocesi,

316 1316 452 1346 duxerit
476 1317 711 1356 deputandos3
736 1327 776 1347 ac
804 1317 1065 1356 subsequenter,
1094 1327 1135 1347 cx
1159 1317 1310 1356 plurium
1335 1317 1588 1355 lidedignorum
1613 1317 1698 1346 rela-

313 1360 420 1397 cione,
438 1361 602 1391 extiterat
620 1361 829 1391 informatus
854 1361 944 1400 quod
967 1361 1082 1400 plures
1099 1371 1269 1398 excessus,
1295 1371 1439 1398 errores,
1457 1364 1492 1391 et
1516 1361 1700 1391 abusiones

314 1414 375 1443 per
392 1405 501 1435 dictos
519 1405 704 1444 deputatos
721 1415 810 1443 suos,
829 1405 863 1434 in
887 1405 1032 1435 diversis
1050 1405 1173 1442 Anglie
1199 1405 1370 1441 Partibus,
1385 1405 1563 1435 occasione
1582 1405 1698 1445 hujus-

314 1449 406 1478 modi
424 1449 608 1488 potestatis
625 1450 674 1479 eis
691 1460 753 1488 per
770 1450 892 1488 ipsum,
910 1452 948 1478 ut
966 1449 1152 1488 prefertur,
1170 1459 1342 1486 concesse,
1360 1449 1539 1488 impetrati
1557 1449 1699 1479 fuerant

315 1493 557 1532 multipliciter
579 1500 613 1523 et
639 1494 835 1530 commissi;
872 1494 1162 1533 consideransque
1188 1493 1388 1533 hujusmodi
1413 1494 1527 1533 operis
1551 1493 1598 1532 pii
1622 1503 1698 1532 pro-

315 1537 532 1567 secucionem
550 1538 593 1567 ad
610 1548 753 1577 presens
770 1538 969 1567 nullatenus
986 1538 1171 1576 procedere
1185 1538 1324 1577 penitus
1339 1542 1389 1567 set
1402 1547 1546 1575 cessare,
1561 1548 1699 1567 omnem

315 1584 349 1610 et
366 1582 583 1611 commodam
601 1585 811 1621 potestatem
828 1582 1103 1621 quibuscumque.
1120 1582 1213 1612 Viris
1232 1582 1495 1619 Ecclesiasticis,
1519 1581 1701 1619 Religiosis

316 1635 377 1655 seu
404 1626 633 1661 Secularibus,
662 1627 697 1656 in
723 1626 901 1665 premissis
928 1636 990 1665 per
1015 1626 1128 1665 ipsum
1161 1626 1458 1665 qualitercumque
1490 1635 1700 1663 concessam,

317 1679 432 1699 coram
448 1670 649 1700 Reverendo
666 1671 701 1700 in
719 1671 858 1700 Christo
876 1671 989 1706 Patre,
1007 1670 1276 1709 Archiepiscopo
1295 1670 1550 1707 Cantuariensi,
1562 1673 1595 1700 et
1615 1680 1698 1700 non-

317 1714 420 1744 nullis
448 1714 683 1753 Suffraganeis
707 1715 786 1752 suis,
812 1715 847 1744 in
872 1715 995 1744 ultima
1022 1714 1280 1744 Convocacione
1310 1715 1526 1744 Prelatorum
1550 1719 1584 1744 et
1610 1714 1701 1744 Cleri

318 1758 579 1789 (¹antua1·iensis
608 1759 798 1796 Provincie,
828 1759 863 1788 in
888 1759 1042 1788 Ecclesia
1071 1759 1189 1788 Sancti
1218 1759 1314 1788 Pauli
1342 1758 1599 1788 Londoniarum
1625 1758 1698 1798 jam

316 1802 415 1832 tarde
444 1802 547 1839 facta,
576 1803 690 1842 palam
719 1809 753 1833 et
781 1813 941 1842 expresse
969 1803 1109 1842 penitus
1134 1803 1320 1841 revocavit,
1346 1813 1385 1833 ac
1410 1803 1539 1832 ibidem
1562 1802 1698 1841 publice

316 1846 494 1876 fatebatur
519 1847 609 1886 quod
637 1847 846 1877 intencionis
877 1857 937 1876 sne
965 1847 1163 1876 nullatenus
1195 1847 1364 1876 existebat
1389 1847 1479 1886 quod
1507 1846 1631 1886 aliquis
1657 1847 1699 1876 (le

315 1890 492 1929 deputatis
510 1891 580 1920 suis
597 1891 797 1931 hujusmodi
815 1891 856 1920 de
882 1890 1166 1921 Confessionibus
1190 1891 1224 1920 in
1251 1891 1315 1920 hac
1333 1897 1432 1930 parte
1450 1891 1538 1921 citra
1556 1891 1697 1920 Festum

315 1934 446 1964 Pasclte
462 1935 618 1973 proximo
635 1935 841 1974 preteritum
859 1945 894 1965 se
912 1935 1107 1974 aliqualiter
1132 1935 1390 1973 intromisisset,
1409 1945 1467 1965 seu
1485 1937 1696 1974 potestatem

314 1978 377 2007 sibi
396 1979 431 2008 in
449 1979 626 2018 premissis
653 1989 715 2018 per
741 1979 854 2018 ipsum
880 1989 1077 2009 concessam
1102 1979 1253 2018 aliquam
1271 1980 1522 2016 excercuisset3
1547 1979 1697 2018 quidam,

316 2026 445 2060 tamen,
464 2023 638 2062 Religiosi,
657 2026 691 2053 et
708 2024 892 2062 presertim
921 2024 1060 2053 Fratres
1086 2024 1127 2052 (le
1145 2023 1272 2053 Ordine
1288 2023 1576 2061 Mendicancium,
1594 2027 1697 2062 prout

317 2076 357 2095 ex
380 2067 633 2105 fidedic-norum
657 2067 857 2097 testimonio
885 2074 918 2097 et
946 2067 1154 2097 notorietate
1179 2067 1265 2097 facti
1290 2070 1480 2097 attestante
1503 2068 1696 2105 didicimus,

315 2113 526 2149 potestatem
554 2112 753 2151 hujusmodi
779 2112 823 2141 ad
851 2111 1061 2141 audiendum
1091 2112 1344 2147 Confessiones,
1378 2122 1417 2142 ac
1448 2112 1697 2142 absolvendum

316 2155 598 2195 penitenciasque
615 2156 879 2195 injungendum,
897 2165 936 2185 ac
961 2158 1041 2185 vota
1066 2156 1362 2193 commutandum,
1380 2158 1419 2186 ut
1443 2156 1629 2195 prefertur,
1655 2156 1698 2186 ab

315 2199 389 2237 ipso
406 2199 554 2229 Domino
568 2200 735 2239 Episcopo
750 2200 964 2230 Norwicensi
981 2200 1054 2229 sore
1074 2200 1226 2239 plenarie
1238 2205 1441 2230 renovatam
1456 2199 1543 2230 salse
1557 2204 1588 2229 et
1604 2210 1696 2230 men-

316 2243 449 2273 daciter
480 2247 675 2274 asserentes
706 2247 741 2274 et
772 2244 882 2274 eciam
913 2244 1163 2282 contingentes,
1197 2244 1442 2275 confossiones
1478 2244 1697 2274 subditorum

313 2290 521 2325 nostrorum,
550 2288 668 2327 vigore
695 2291 730 2318 et
754 2289 962 2318 auctoritate
988 2288 1186 2328 hujusmodi
1210 2292 1370 2328 protense,
1395 2289 1589 2328 potestatis,
1614 2289 1697 2328 quin

314 2332 429 2361 verius
454 2333 693 2371 usurpacionis
716 2333 911 2370 temerarie,
929 2333 1059 2370 audire,
1077 2342 1201 2372 eosque
1226 2333 1404 2363 absolvere
1429 2336 1464 2363 et
1481 2332 1698 2372 penitencias

313 2375 396 2414 ipsis
413 2376 606 2416 injungere,
620 2386 660 2406 ac
674 2381 753 2407 vota
768 2387 829 2407 sua
841 2387 1054 2416 quecumque
1072 2380 1296 2412 commutare,
1311 2380 1349 2406 ut
1366 2377 1551 2416 prefertur,
1565 2377 1696 2406 nullam

313 2420 451 2458 penitus
468 2421 503 2449 in
521 2421 585 2451 hac
601 2427 699 2460 parte
717 2421 886 2451 habentes
901 2424 1123 2460 potestatem,
1142 2429 1427 2460 presumpserunt
1442 2421 1553 2450 indies
1570 2427 1602 2449 et
1622 2430 1695 2459 pre-

314 2466 466 2502 sumunt,
495 2465 531 2493 in
558 2464 731 2494 dictorum
757 2465 975 2495 subditorum
992 2470 1188 2494 nostrorum
1208 2465 1451 2504 ‹leeepcionem
1469 2465 1697 2503 multiplicem

315 2507 521 2538 animarum.
578 2509 693 2545 Vobis,
727 2509 843 2547 igitur,
877 2509 1137 2542 committimus,
1167 2512 1242 2545 eto,
1275 2509 1438 2548 quatinus
1470 2509 1631 2538 omnibus
1662 2512 1695 2538 et

315 2551 460 2590 singulis
489 2552 616 2582 nostris
642 2552 790 2582 subditis
815 2553 929 2592 palam
954 2556 988 2583 et
1007 2563 1166 2591 expresse
1183 2553 1382 2588 inhibeatis,
1399 2558 1433 2582 et
1451 2563 1512 2592 per
1531 2553 1697 2582 Locorum

316 2594 462 2625 Curatos
491 2596 639 2625 inhiberi
666 2596 815 2634 faciatis,
842 2607 884 2626 no
912 2607 989 2627 cum
1018 2597 1119 2627 dictis
1147 2597 1337 2633 Religiosis,
1355 2605 1389 2627 et
1414 2597 1598 2636 presertim
1618 2596 1696 2626 Fra-

315 2639 426 2669 tribus
444 2640 734 2677 Mendicantibus,
753 2650 813 2670 seu
829 2641 906 2670 aliis
931 2641 1160 2674 Sevuluribus,
1185 2641 1219 2669 in
1246 2641 1529 2670 Confessionibus
1546 2650 1697 2670 conmm-

315 2683 443 2721 nicent,
461 2694 521 2713 seu
539 2687 679 2723 peccata
698 2694 759 2714 sua
775 2685 834 2721 eis,
852 2688 910 2714 aut
923 2695 1041 2714 eorum
1056 2684 1168 2722 alicui,
1181 2685 1309 2714 virtute
1322 2685 1520 2723 hujusmodi
1538 2688 1698 2724 protense

314 2728 508 2766 potestatis,
526 2738 601 2767 que,
620 2732 657 2758 ut
676 2728 859 2767 prefertur,
877 2738 1038 2767 expresse
1051 2729 1213 2758 extiterat
1232 2735 1265 2758 et
1283 2734 1335 2759 est
1354 2729 1509 2759 totaliter
1526 2732 1697 2765 revocata,

314 2776 518 2810 presumant
554 2772 809 2811 quomodolibet
843 2773 1010 2809 confiteri,
1043 2772 1106 2801 sub
1144 2772 1285 2812 Majoris
1319 2772 1699 2803 Excommunicaeionis

315 2825 414 2854 pena,
438 2826 542 2855 quam
572 2817 606 2845 in
635 2816 938 2846 contravenientes
962 2817 1178 2846 intendimus
1206 2827 1274 2846 non
1303 2817 1466 2847 inmerito
1492 2817 1699 2853 fulminare3

314 2859 512 2899 hujusmodi
547 2860 751 2890 Mandatum
783 2863 941 2890 nostrum
972 2861 1006 2890 in
1040 2860 1253 2890 Consistorio
1284 2863 1404 2891 nostro
1436 2860 1632 2898 Exoniensi,
1660 2870 1700 2890 ac

315 2903 462 2943 singulis
479 2903 648 2944 Capitulis
665 2914 726 2945 per
742 2914 802 2935 vos
818 2904 974 2945 proximo
1002 2907 1079 2944 post
1101 2905 1339 2945 recepcionem
1366 2905 1587 2937 Presencium
1613 2904 1699 2935 eele-
