1907 3212
152 292 245 339 706

150 404 184 431 Α.
189 405 226 431 D.

151 440 223 464 1390.

152 471 210 499 Vol.
230 472 251 498 1.

358 308 459 341 THE
495 308 735 341 REGISTER
773 307 832 340 OF
868 306 1047 341 BISHOP
1082 306 1482 340 BRANTYNGHAM.

308 410 442 441 toribus
460 410 627 450 predictis
641 425 648 448 3
666 412 700 440 et
718 410 849 441 habent
865 410 909 441 ad
926 409 1160 442 exhibendum
1176 409 1266 441 citra
1277 409 1419 440 Festum
1430 405 1692 440 Purificacionis

309 454 416 486 Beate
444 455 553 485 Marie
579 454 737 494 proximo
761 464 855 485 nunc
881 454 1057 492 futurum;
1090 453 1214 495 quibus
1242 454 1494 485 Executoribus
1517 452 1691 483 dictorum

307 498 476 529 bonorum
493 498 777 537 Administracio,
794 509 855 530 seu
871 508 989 529 eorum
1007 499 1186 533 alienacio„
1199 498 1267 529 fuit
1280 498 1429 529 inhibita
1445 505 1621 537 quousque
1636 505 1691 525 ex-

305 542 644 581 hibuerint.—Item‚
661 543 742 583 xxiij
758 543 812 573 die
830 543 959 573 mensis
972 542 1191 580 Novembris,
1207 543 1419 573 Executores
1434 540 1581 582 predicti
1599 549 1689 570 com-

304 593 498 625 paruerunt
522 587 556 617 in
574 588 723 627 quadam
750 587 897 618 Camera
922 587 1083 617 Fratrum
1109 587 1380 625 Predicatorum,
1406 585 1548 624 Exonie,
1573 593 1687 615 coram

306 631 475 670 Magistro
491 631 522 662 J.
540 631 690 669 Lugans,
708 631 933 669 Cancellario,
950 634 989 661 ut
1007 641 1122 670 supra,
1139 634 1172 661 ct
1190 631 1423 661 exhibuerunt
1447 627 1690 660 Inventarium

305 675 348 704 ad
366 685 537 705 summam
557 675 703 716 CCiiijxx
717 675 814 715 xvjli.
827 676 916 715 xiijs.
928 675 1024 715 viijd.
1036 676 1073 705 ob
1087 690 1093 712 ;
1111 677 1155 708 et.
1168 675 1247 715 quia
1261 675 1374 705 dictus
1384 674 1554 705 Dominus
1565 673 1690 703 Petrus

304 718 373 749 fuit
384 719 426 750 de
444 720 579 750 Diocesi
597 720 719 753 aliena.
735 719 911 759 prefatam
926 719 1142 757 Katerinam,
1157 719 1408 754 Executricem,
1422 718 1555 748 invenit
1570 725 1689 747 manu-

303 763 490 803 captricem
507 778 514 801 3
546 774 621 803 que,
639 764 789 804 quidem,
807 764 988 801 Katerina,
1005 764 1236 804 personaliter
1259 764 1460 801 constituta,
1477 760 1690 800 manucepit,

303 807 403 846 juxta
430 808 582 838 formam
610 808 883 839 Constitucionis
910 808 1094 847 Synodalis
1109 822 1115 846 3
1141 808 1265 848 quibus
1282 807 1536 838 Executoribus
1551 804 1688 845 juratis,

304 851 340 881 in
358 851 473 882 forma
488 852 586 892 juris,
605 852 647 882 de
665 852 814 882 fideliter
830 853 1107 883 administrando
1124 854 1159 882 et
1177 851 1388 885 calculando,
1407 851 1502 882 dicta
1519 848 1689 880 Katerina

304 906 391 926 onus
408 896 739 927 Administrationis
756 897 871 927 subire
888 897 1029 936 penitus
1052 899 1248 933 recusante,
1273 896 1458 926 commissa
1482 898 1535 925 est
1552 894 1602 924 eis
1618 892 1687 923 Ad-

304 940 520 971 ministracio
536 941 706 971 bonorum
724 941 881 981 ejusdem
906 940 1074 971 defuncti.
1123 938 1247 980 [Peter
1262 940 1390 980 Whyte
1415 949 1485 969 was
1509 939 1636 968 Rector
1652 936 1689 967 of

305 984 554 1015 Buckland-St.
564 984 674 1025 Mary,
689 985 875 1016 Somersct.
908 985 980 1015 The
993 985 1073 1015 date
1085 984 1121 1014 of
1134 985 1189 1015 his
1202 984 1410 1014 Institution
1424 984 1453 1014 is
1466 988 1527 1013 not
1537 982 1664 1011 known
1679 995 1686 1018 3

302 1028 366 1058 but
381 1028 436 1059 his
453 1039 642 1067 successor,
659 1029 751 1059 John
770 1030 1011 1070 Lemyngtone
1028 1038 1100 1059 was
1116 1029 1196 1059 inst.
1217 1026 1277 1066 (on
1294 1028 1348 1058 his
1365 1025 1500 1066 death),
1518 1028 1538 1057 5
1556 1025 1686 1062 March,

303 1073 398 1103 1408.
447 1073 510 1104 See
528 1073 704 1104 Weaver’s
721 1074 882 1104 Somerset
898 1074 1123 1104 Incvumbents.
1141 1083 1174 1113 p.
1191 1070 1285 1112 323]

256 1131 496 1170 Dodbrooke
513 1146 523 1179 3
565 1133 715 1170 L‘icence
737 1140 772 1169 to
792 1134 1036 1178 celebrate,—

147 1184 214 1209 ΞΗ)-
256 1187 358 1225 Item,
377 1188 469 1227 apud
487 1187 700 1228 Crydytone,
717 1188 829 1227 primo
847 1188 902 1218 die
919 1187 1050 1218 mensis
1075 1187 1301 1226 Septembris,
1327 1186 1497 1217 Dominus
1514 1184 1685 1216 concessit

146 1225 223 1243 TEM—

151 1259 216 1276 BER.

300 1232 497 1262 Licenciam
530 1232 680 1262 Domino
719 1232 850 1262 Thome
884 1232 996 1266 Swan,
1030 1232 1169 1262 Rectori
1202 1231 1356 1262 Ecclesie
1388 1229 1603 1260 Parochialis
1642 1229 1684 1259 de

302 1276 517 1314 Dodebroke‚
542 1276 633 1316 quod
657 1276 765 1315 possit
791 1276 967 1306 celebrare
992 1276 1128 1313 Divina,
1149 1278 1185 1306 et
1208 1286 1271 1315 per
1292 1274 1504 1315 presbiteros
1521 1274 1684 1313 ydoneos,

301 1320 430 1360 absque
458 1320 652 1361 prejudicio
676 1321 800 1359 alieno,
827 1320 942 1351 facere
969 1320 1146 1356 celebrari,
1174 1320 1211 1349 in
1236 1319 1388 1359 Capella,
1415 1319 1486 1348 sive
1515 1317 1685 1354 Oratorio,

301 1364 508 1395 Beatissime
540 1365 650 1395 Marie
681 1364 838 1404 Virginis
870 1365 912 1395 de
948 1364 1179 1404 Langewylle,
1210 1364 1305 1394 infra
1340 1362 1545 1393 Parochiam
1585 1372 1683 1392 suam

299 1409 448 1446 situata3
474 1409 517 1440 ad
535 1409 803 1448 beneplacitum.

253 1468 531 1505 Deans-Rural
548 1481 558 1514 3
587 1469 825 1506 ,Mandatum
845 1470 898 1505 ad
916 1469 1129 1515 eliqmdum
1152 1469 1320 1505 Det-anos
1341 1467 1574 1510 1ιάναίεᾷ-

255 1523 416 1560 Thomas
445 1527 521 1561 etc.,
550 1523 695 1554 Officiali
720 1526 838 1554 nostre
862 1524 1053 1554 Peculiaris
1076 1522 1340 1553 Jurisdiccionis
1372 1522 1407 1551 in
1436 1521 1621 1558 Cornubia,
1648 1523 1682 1551 et

301 1568 469 1607 Magistro
486 1568 658 1598 willelmo
684 1568 836 1601 Hendre,
864 1568 1001 1598 Rectori
1027 1567 1181 1597 Ecclesie
1206 1566 1421 1597 Paroehialis
1445 1565 1487 1595 de
1504 1564 1679 1605 Wythyel,

300 1612 344 1642 ad
375 1612 590 1642 visitandum
624 1612 807 1647 Ecclesias,
833 1612 975 1645 clerum,
1005 1615 1039 1642 et.
1064 1611 1230 1651 populum
1260 1610 1574 1640 Archidiaconatus
1601 1609 1681 1639 Cor-

299 1656 478 1687 nubiensis
495 1656 752 1687 Cominissariis
768 1656 898 1686 nostris
915 1656 1070 1696 legitime
1087 1655 1274 1695 deputatis,
1292 1655 1450 1689 salutem,
1469 1653 1681 1685 etc—Cum.

300 1700 341 1731 de
367 1700 618 1731 consuetudine
643 1700 820 1734 laudabili,
845 1710 866 1730 a
889 1704 1045 1739 tempore
1070 1702 1105 1729 ct
1133 1709 1195 1739 per
1221 1704 1361 1738 tempus
1389 1698 1489 1738 cujus
1515 1697 1681 1728 contrarii

299 1745 468 1775 memoria
492 1744 671 1775 hominum
701 1755 769 1775 non
797 1744 925 1781 existit,
955 1745 998 1774 ad
1025 1744 1189 1774 Bet-tores
1215 1746 1249 1773 ct
1278 1743 1437 1773 Vicarios
1465 1742 1679 1781 singulorum

300 1789 541 1819 Decanatuum
560 1789 643 1818 dicti
661 1789 985 1827 Archidiaconatus‚
1002 1788 1104 1818 annis
1122 1788 1279 1826 singulis,
1293 1787 1327 1816 in
1343 1786 1504 1826 Capitulo
1519 1785 1679 1816 Generali

300 1833 456 1872 proximo
473 1836 555 1863 ante
574 1833 715 1863 Festum
736 1833 852 1863 Sancti
866 1832 1047 1863 Michaelis
1060 1832 1244 1870 celebrato,
1259 1842 1318 1862 seu
1335 1831 1459 1861 saltem
1472 1831 1508 1860 in
1522 1830 1680 1860 sessioni-

300 1877 365 1907 bus
403 1880 465 1907 aut
496 1877 807 1908 convocacionibus
839 1877 931 1907 Cleri
963 1887 1025 1916 per
1055 1876 1321 1906 Commissarios
1359 1878 1497 1905 nostros
1535 1874 1579 1904 ad
1618 1874 1681 1904 hec

300 1921 499 1961 specialiter
521 1922 717 1961 deputatos,
744 1921 918 1960 pendente
942 1921 1156 1951 Visitacionc
1189 1922 1309 1951 nostra
1342 1919 1527 1958 inexpleta,
1553 1918 1680 1948 eleccio

300 1966 411 1995 futuri
429 1966 560 1996 Decani
579 1966 717 1996 Ruralis
734 1965 953 2005 pertinuerit.
970 1971 1003 1995 et
1021 1965 1197 2004 pertineat
1214 1965 1248 1994 in
1266 1964 1440 2003 presenti3
1464 1962 1679 2003 hujusmodi-

299 2020 364 2049 que
389 2010 526 2047 eleccio,
552 2010 687 2040 incuria
711 2018 747 2040 et
771 2010 987 2049 necligencia
1012 2009 1185 2039 dictorum
1212 2008 1515 2044 Beneficiatorum,
1540 2007 1604 2036 hoc
1629 2006 1678 2035 in-

301 2054 409 2084 stanti
440 2064 532 2084 anno
564 2054 733 2084 hactenus
773 2057 825 2084 est
867 2054 1016 2091 omissa;
1055 2053 1215 2093 quocirca
1248 2052 1354 2087 vobis,
1388 2051 1605 2091 conjunctim
1644 2053 1677 2080 ct

299 2098 448 2136 divisim,
465 2099 640 2137 pendente
658 2098 870 2128 Visitacione
887 2105 1006 2128 nostra
1030 2097 1216 2137 inexpleta,
1234 2096 1487 2127 committimus
1511 2098 1556 2132 et,
1574 2095 1678 2124 firmi-

300 2144 354 2172 ter
381 2142 607 2182 injungendo‚
636 2143 845 2172 mandamus
876 2142 1040 2181 quatinus
1063 2142 1297 2181 peremptorie
1327 2140 1453 2177 citetis,
1486 2149 1547 2170 scu
1579 2138 1678 2169 citari

298 2186 448 2224 faciatis,
466 2196 586 2217 omnes
603 2190 637 2216 et
655 2187 811 2222 singulos
828 2187 993 2217 Rectores
1010 2188 1045 2216 et
1062 2185 1219 2216 Vicarios
1237 2185 1407 2215 dictorum
1426 2184 1678 2217 Decanatuum,

298 2231 388 2269 quod
413 2233 639 2269 compareant
663 2241 779 2261 coram
803 2230 911 2267 vobis,
930 2229 1050 2260 diebus
1076 2232 1109 2260 et
1136 2230 1219 2260 locis
1236 2239 1299 2268 pro
1324 2228 1535 2259 sessionibus
1552 2226 1678 2257 vestris

298 2274 390 2304 dicte
415 2274 640 2304 visitacionis
668 2275 855 2313 assignatis
883 2279 919 2304 et
944 2274 1083 2314 prefixis
1111 2274 1268 2313 proximo
1293 2276 1420 2303 extunc
1452 2271 1678 2305 celebrandis,

298 2318 498 2358 hujusmodi
516 2319 674 2349 Decanos
692 2319 848 2356 Rurales,
866 2320 905 2348 ut
921 2319 1027 2348 moris
1044 2322 1107 2355 cst,
1125 2318 1282 2348 electuri.
1344 2316 1512 2352 Citantes,
1527 2316 1678 2355 insuper,

297 2362 497 2403 hujusmodi
515 2363 563 2392 sic
580 2363 718 2397 electos,
737 2363 826 2402 quod
852 2367 1077 2402 compareant
1101 2372 1216 2392 coram
1243 2361 1446 2391 Prcsidcnte
1472 2359 1676 2390 Consistorii

297 2406 513 2445 Exoniensis,
546 2406 581 2436 in
618 2407 773 2437 Ecclesia
806 2407 1006 2437 Cathedrali
1039 2406 1237 2438 Exoniensi.
1269 2405 1426 2444 proximo
1465 2403 1678 2434 Consistorio

295 2461 431 2481 exnunc
448 2451 665 2487 celebrando,
684 2451 883 2491 hujusmodi
898 2451 1056 2481 Officium
1075 2450 1269 2489 suscepturi
1287 2456 1321 2479 et
1339 2448 1498 2486 subituri,
1515 2447 1676 2478 ulterius-

295 2506 359 2534 que
376 2495 506 2525 facturi
524 2497 559 2525 ct
576 2495 749 2534 recepturi
767 2495 857 2534 quod
875 2495 1049 2525 Canonice
1067 2494 1277 2525 dictaverint
1296 2491 1675 2523 Sancciones.‡Dated

294 2545 329 2569 at
348 2539 523 2577 Crediton,
547 2540 590 2568 24
607 2539 702 2578 Sept.

248 2592 562 2637 Northmolton;
592 2592 797 2629 Belaxacio
826 2592 1084 2640 ›S'equestrz',——

251 2647 354 2683 Item,
388 2647 480 2686 apud
514 2648 622 2687 Clyst,
654 2647 819 2678 vicesimo
851 2651 975 2678 octavo
1007 2647 1061 2677 die
1093 2646 1249 2686 ejusdem
1289 2645 1420 2675 mensis
1452 2643 1676 2683 Septembris,

294 2691 464 2721 Dominus
488 2691 658 2721 relaxavit
684 2692 909 2730 Sequestrum
934 2691 1020 2721 alias
1048 2690 1293 2730 interpositum
1321 2689 1355 2718 in
1384 2688 1568 2725 fructibus,
1597 2690 1674 2724 eto,

296 2735 448 2765 Ecclesie
484 2735 693 2766 Pal-ochialis
725 2736 767 2765 de
796 2735 1077 2773 Northmoltone,
1103 2734 1283 2765 occasione
1314 2744 1383 2763 non
1416 2731 1608 2763 residencie
1639 2738 1675 2761 et

294 2779 454 2809 absencie
479 2779 618 2809 Domini
644 2779 784 2810 Ricardi
810 2779 983 2817 Romulos,
1009 2778 1166 2809 Rectoris
1193 2778 1348 2818 ejusdem
1376 2776 1540 2813 Ecclesic‚
1565 2778 1675 2806 etc.—

295 2822 349 2852 Ad
365 2823 439 2861 hecy
456 2825 493 2852 ut
512 2833 531 2852 a
549 2823 641 2853 dicta
666 2833 728 2853 sua
746 2823 902 2854 Ecclesia
924 2823 1034 2862 possit
1059 2832 1094 2853 se
1118 2823 1304 2853 absentare
1327 2831 1389 2861 per
1405 2830 1546 2857 annum,
1571 2821 1606 2849 et
1630 2819 1673 2849 ad

294 2867 429 2896 firmam
446 2867 623 2897 dimittere
639 2867 743 2897 alicui
761 2867 835 2898 viro
854 2867 1110 2905 Ecclesiastico,
1129 2868 1205 2904 etc,
1231 2863 1529 2904 contemplacione
1555 2863 1674 2894 Excel-
