1907 3212
154 1617 199 1644 sol.
211 1618 269 1644 218.

459 320 745 354 REGISTRUM
781 317 1231 352 cOMMUNE—ANNO
1269 308 1366 350 21⁰.
1588 305 1681 352 717

305 429 427 470 pisces,
456 432 516 460 aut
544 430 613 460 alia
638 428 802 459 victualia
828 437 1052 468 quecumque,
1077 429 1176 457 extra
1204 426 1465 464 Monasterium,
1492 426 1581 457 sicut
1606 425 1684 457 hac-

306 477 408 505 tenus
425 474 499 504 fieri
517 473 714 510 consuevit;
740 475 792 503 set
809 472 851 502 de
867 471 1076 511 fragmentis
1093 473 1128 501 et
1151 471 1413 501 remanentibus
1430 471 1591 510 disponat
1610 470 1685 500 Ele-

305 518 523 556 mosinarius,
546 520 649 557 prout
675 518 717 547 ad
744 517 893 546 officium
920 526 1021 546 suuni
1048 515 1212 555 pertinet,
1237 515 1303 545 nisi
1331 515 1485 555 ipsorum
1514 515 1684 554 quispiam

304 566 440 601 patrem
457 563 511 592 vel
529 565 688 599 matrem,
704 561 851 591 fratrem
875 564 935 590 aut
960 569 1111 590 sororem
1137 569 1326 598 pauperem
1351 559 1523 597 habuerit,
1541 562 1575 589 et
1601 562 1684 589 tunc

305 606 370 636 hoc
400 606 505 637 faciet
539 607 580 636 de
608 605 757 636 Abbatis
784 605 849 642 vel,
876 605 911 633 in
943 604 1051 643 ipsius
1082 603 1254 641 absencia,
1286 603 1416 633 Prioris
1440 603 1586 633 licencia
1609 613 1683 642 pre-

305 651 608 689 optenta—Imm,
642 657 864 679 1NJUNG1MUs
895 650 931 678 et
969 648 1177 678 mandamus
1215 647 1318 677 dictis
1353 647 1543 683 Monac-his,
1576 647 1684 677 omni-

306 695 370 725 bus
393 698 428 725 et
453 695 608 733 singulis,
625 694 715 733 quod
739 693 945 723 indumenta
968 701 1031 722 sua
1053 693 1211 722 veterata
1229 691 1429 722 Camerario
1449 691 1531 721 dicti
1550 692 1684 721 Monas-

304 738 383 768 terii
414 739 449 768 in
478 739 667 768 utilitatem
693 737 896 767 Monasterii
920 736 972 766 sui
1005 746 1065 765 seu
1096 746 1197 766 usum
1230 745 1422 775 pauperum
1454 735 1613 772 liberent,
1646 743 1684 765 ut

304 783 629 820 tenentur.—ITEM,
654 781 865 822 precipimus
888 782 923 810 et
947 780 1155 810 mandamus
1179 779 1281 810 dictis
1306 779 1495 818 Monachis,
1525 779 1686 809 omnibus

305 830 339 857 ot
358 827 513 866 singulis,
531 827 622 866 quod
639 836 760 856 carnes
778 835 845 855 non
864 824 1046 855 comedant
1064 824 1131 854 nisi
1148 824 1183 853 in
1200 823 1284 854 locis
1300 826 1335 854 et
1352 823 1489 854 casibus
1513 833 1534 853 a
1552 823 1686 862 Regula

306 874 340 901 et
366 870 686 901 Constitucionibus
711 879 830 900 eorum
855 868 1045 908 permissiS,
1072 868 1135 898 sub
1158 877 1248 907 pena
1274 867 1398 908 jejunii
1424 868 1527 898 unius
1554 868 1621 897 diei
1650 868 1684 897 in

306 925 394 954 pane
412 918 447 945 et
464 925 551 955 aqua
569 915 732 954 quociens
749 913 957 953 deliquerint
973 913 1009 942 in
1025 912 1214 951 premissis,
1225 912 1292 942 nisi
1310 922 1351 942 ex
1368 921 1471 942 causa
1483 911 1684 941 racionabili

307 959 425 989 Abbas
442 969 520 989 cum
546 959 596 989 eis
620 958 830 998 aliquociens
855 956 991 987 duxerit
1016 956 1298 995 dispensandum.
1346 956 1506 995 Dictiquc
1525 955 1685 986 Monachi

308 1003 471 1033 incedant
500 1003 629 1033 ocreati
653 1005 688 1032 et
720 1002 840 1041 caligis
864 1003 925 1031 aut
949 1000 1163 1030 socularibus
1186 1000 1330 1030 minime
1355 1000 1502 1039 calciati,
1528 1010 1568 1030 ac
1593 1000 1688 1030 fiocis

307 1050 454 1077 utantur
468 1048 553 1077 locis
569 1050 604 1077 et
620 1046 836 1085 temporibus
853 1045 1042 1084 oportunis,
1054 1047 1092 1074 ut
1110 1046 1284 1082 tenentur,
1298 1044 1397 1084 juxta
1414 1054 1534 1074 eorum
1547 1044 1687 1074 Statura

309 1097 343 1121 et
361 1091 614 1121 Observancias
627 1090 828 1130 Regulares,
841 1089 904 1119 sub
917 1098 1006 1128 pena
1020 1088 1412 1127 Excommunicaoionis,
1427 1089 1492 1118 nisi
1506 1088 1635 1123 Abbas,
1647 1098 1686 1118 ex

308 1145 411 1166 causa
429 1135 597 1175 legitima,
614 1135 717 1165 aliter
741 1133 995 1173 dispensaverit
1020 1142 1099 1162 cum
1124 1132 1414 1170 eisden1.—ITEM,
1432 1133 1540 1170 vobis,
1558 1132 1686 1162 Abbati

307 1180 528 1224 precipimus,
546 1179 774 1219 injungimus,
792 1181 826 1208 et
844 1178 1051 1207 mandamus
1073 1177 1163 1216 quod
1187 1177 1323 1206 nullum
1340 1176 1561 1214 familiarem,
1579 1177 1686 1206 domi-

309 1223 513 1261 celluni‚seu
524 1223 705 1260 valettum,
720 1225 779 1252 aut
792 1231 1042 1262 quemcumque
1060 1221 1167 1251 alium
1184 1221 1241 1260 qui
1258 1221 1352 1251 inter
1363 1230 1424 1251 vos
1438 1223 1472 1250 et
1486 1220 1689 1251 Contratres

307 1270 442 1298 vestros
467 1267 674 1297 discordiam
699 1266 935 1303 seminaverit,
956 1265 1092 1305 publice
1115 1265 1170 1295 vel
1195 1265 1329 1295 occulte
1352 1266 1514 1303 teneatis,
1542 1275 1603 1295 seu
1627 1265 1687 1295 ali-

308 1312 458 1351 qualiter
474 1311 643 1349 foveatis3
669 1314 732 1349 set,
750 1321 828 1340 cum
847 1310 944 1340 vobis
968 1309 1116 1349 aliquem
1130 1308 1205 1339 fore
1222 1309 1330 1339 talem
1348 1309 1556 1347 constiterit,
1574 1309 1687 1348 ipsun]

308 1365 327 1385 a
352 1355 487 1385 familia
510 1358 626 1386 vestra
652 1355 791 1385 faciatis
816 1354 937 1384 statim
960 1354 1101 1393 penitus
1125 1353 1326 1391 ammoveri,
1344 1353 1407 1383 sub
1431 1363 1521 1392 pena
1546 1353 1688 1383 Excom-

310 1400 560 1430 municacionis
578 1399 722 1439 Majoris
739 1399 775 1429 in
791 1409 863 1435 vos,
881 1398 909 1429 si
926 1399 962 1427 in
987 1398 1051 1428 hac
1076 1400 1174 1437 parte
1199 1397 1498 1433 contraveneritis,
1518 1397 1691 1427 Canonice

308 1443 720 1484 promulganda—ITEM,
747 1443 934 1473 statuimus
959 1445 994 1472 et
1019 1442 1220 1471 ordinamus
1248 1441 1339 1481 quod
1363 1442 1479 1471 nullus
1510 1442 1605 1472 locus
1629 1445 1689 1471 aut

308 1488 479 1528 possessio
496 1488 599 1518 alicui
612 1488 653 1518 de
671 1487 850 1517 Monachis
868 1487 939 1516 suis
955 1486 1117 1516 tradatur
1129 1486 1174 1516 ad
1191 1486 1338 1523 firmam,
1353 1486 1416 1516 sub
1433 1495 1522 1525 pena
1535 1486 1692 1524 proximo

308 1532 636 1569 annotata—ITEM,
664 1539 877 1562 PRECIPIMUS
902 1539 944 1560 nr
969 1538 1175 1567 MANDAMFS,
1201 1530 1264 1559 sub
1288 1539 1378 1569 pena
1406 1529 1572 1569 predicta,
1599 1530 1689 1569 quod

310 1577 489 1607 Monachis
514 1577 691 1616 predictis,
720 1576 904 1615 presertim
937 1575 972 1604 in
1006 1574 1203 1604 Refectorio
1228 1574 1501 1609 comedentibus,
1527 1574 1690 1604 victualia

311 1621 548 1660 competencia
566 1621 820 1657 ministrentur,
838 1623 941 1659 prout
959 1619 1043 1649 dicti
1061 1618 1262 1648 Monasterii
1280 1621 1471 1657 suppetunt
1494 1618 1691 1648 facultates.

310 1665 456 1698 -ΙΤΕΜ,
471 1665 658 1695 statuimus
675 1667 708 1694 et
727 1664 928 1694 ordinamus
945 1663 1035 1703 quod
1051 1663 1147 1692 nulla
1163 1663 1250 1700 loca,
1267 1663 1434 1699 redditus,
1453 1672 1514 1692 seu
1530 1662 1693 1701 possessi·

311 1718 394 1739 ones
411 1709 513 1739 alicui
531 1709 575 1739 ad
592 1710 727 1739 firmam
745 1708 931 1738 tradantur
947 1707 1057 1737 eciam
1075 1717 1134 1737 seu
1151 1706 1358 1745 vendantur,
1372 1717 1436 1737 nec
1453 1707 1573 1743 nativi,
1592 1707 1695 1745 servi,

313 1755 373 1783 aut
390 1753 524 1791 ancille,
542 1763 603 1783 seu
619 1752 804 1792 maritagia
821 1752 865 1782 ad
881 1752 1013 1781 dictum
1031 1750 1280 1781 Monasterium
1298 1751 1514 1790 pertinencia
1539 1754 1573 1781 et
1599 1761 1693 1790 spec-

310 1797 428 1827 tancia
451 1798 656 1835 vendantur,
674 1797 857 1834 donentur,
875 1799 936 1825 aut
952 1795 1176 1835 quovismodo
1194 1795 1400 1832 alienentur,
1418 1795 1547 1834 absque
1564 1797 1693 1825 tracta-

310 1843 349 1870 tu
366 1841 542 1871 communi
555 1843 589 1871 et
607 1840 858 1871 deliberacione
875 1842 1013 1869 matura
1024 1849 1063 1869 ac
1077 1848 1247 1869 consensu
1263 1839 1410 1868 Abbatis
1428 1841 1463 1869 et
1481 1839 1692 1875 Conventus,

312 1894 373 1914 seu
390 1885 536 1915 sanioris
555 1882 704 1924 [partis]
719 1884 886 1923 ejusdem,
901 1884 943 1913 ad
955 1883 989 1913 id
1003 1883 1166 1922 primitus
1182 1882 1379 1920 accedente,
1391 1883 1530 1921 urgenti
1544 1883 1692 1913 necessi-

312 1931 385 1959 tate
409 1935 469 1959 aut
486 1929 638 1959 evidenti
663 1929 815 1958 utilitate
840 1927 923 1957 dicti
949 1927 1151 1957 Monasterii
1175 1926 1408 1961 subsistente:
1433 1927 1693 1964 alienacionem,

312 1982 403 2010 vero,
415 1976 449 2002 et
467 1973 695 2003 tradicionem
712 1981 964 2012 quamcumque
975 1971 1077 2001 aliter
1092 1970 1223 2001 factam
1241 1971 1460 2001 decernimus
1478 1981 1546 2001 non
1564 1973 1694 2002 tenere.

312 2017 458 2055 —ITEM,
478 2017 652 2046 (¹elerario
669 2017 752 2046 dicti
772 2015 974 2046 Monastcrii
991 2015 1195 2055 cuicumque
1212 2014 1430 2055 injungimus
1446 2017 1491 2051 et,
1509 2016 1543 2045 in
1562 2015 1693 2046 virtute

315 2060 439 2091 Sancte
472 2060 679 2091 Obediencie
706 2060 938 2099 precipiendo,
966 2059 1174 2089 mandamus
1205 2059 1296 2099 quod
1322 2069 1390 2089 non
1420 2060 1602 2099 permittat
1633 2069 1693 2090 seu

312 2104 437 2134 toleret
461 2105 609 2144 aliquem
635 2105 676 2134 de
700 2104 933 2134 familiaribus
958 2103 1040 2133 dicti
1066 2103 1224 2141 Abbatis,
1249 2113 1309 2134 seu
1342 2104 1552 2142 Conventus,
1578 2104 1692 2143 aliqua

315 2149 447 2179 fercula
473 2158 532 2179 seu
558 2149 721 2179 victualia
744 2158 958 2188 quecumque
982 2148 1091 2187 ipsius
1115 2147 1316 2178 Monasterii
1342 2148 1376 2177 in
1402 2148 1518 2177 villam
1544 2149 1695 2186 mittere,

314 2193 432 2223 usibus
463 2193 578 2222 minus
610 2192 764 2223 honestis
790 2202 850 2222 scu
881 2192 1054 2231 perversis
1085 2191 1283 2231 aliqualiter
1313 2192 1559 2229 consumenda,
1592 2200 1693 2232 prout

313 2237 510 2267 audivimus
527 2237 614 2267 alias
631 2236 705 2267 fore
722 2236 974 2273 factumissET,
994 2244 1036 2265 m·
1056 2243 1187 2265 NEM1N1
1207 2243 1318 2265 enom*
1338 2244 1374 2265 IN
1396 2244 1533 2266 nemun
1552 2246 1613 2276 pcr
1630 2247 1695 2276 que

313 2281 387 2311 loca
406 2285 503 2320 septa
522 2281 724 2311 Monasterii
749 2280 896 2310 debeant
922 2280 1114 2318 terminari,
1133 2290 1173 2310 ea
1197 2289 1260 2320 per
1284 2281 1436 2319 parietes
1460 2281 1608 2311 boriales
1635 2281 1695 2311 Ec-

314 2325 416 2355 clesie
443 2325 691 2355 Conventualis
717 2324 800 2354 dicti
830 2324 1043 2362 Monastorii,
1072 2327 1106 2354 ct
1136 2324 1179 2354 ab
1208 2324 1361 2355 Ecclesia
1388 2327 1421 2354 ct
1449 2324 1620 2359 Claustro,
1645 2325 1695 2354 in-

314 2369 473 2408 cipiendo
491 2379 530 2399 ex
548 2372 647 2409 parte
665 2369 836 2407 orientali,
854 2379 916 2408 per
932 2378 1167 2408 quascumque
1185 2368 1305 2398 domos
1330 2371 1363 2398 et
1389 2369 1568 2399 clausuras
1594 2370 1696 2399 Curio,

314 2413 470 2453 ejusdem
499 2413 700 2444 Mouasterii
725 2413 992 2452 circumquaque
1017 2413 1265 2451 pretendentes
1290 2422 1398 2452 usque
1417 2413 1459 2443 ad
1479 2413 1605 2443 Aulam
1627 2414 1693 2443 Ab·

314 2457 414 2494 batis,
432 2461 467 2487 et
491 2457 617 2487 abinde
641 2465 676 2487 et
701 2467 839 2487 camera
863 2457 1019 2497 ejusdcm
1044 2457 1088 2486 ad
1113 2456 1312 2487 Claustrum
1338 2456 1465 2496 prefati
1493 2457 1693 2487 Monasterii

315 2511 375 2540 per
391 2511 624 2541 quascumque
642 2502 762 2531 domos
778 2506 812 2531 ct
830 2501 1008 2531 clausuras
1025 2511 1065 2530 cx
1089 2506 1188 2540 parte
1206 2501 1411 2531 occidentali
1429 2501 1513 2531 dicti
1540 2502 1691 2531 Claustri

314 2545 473 2583 situatas,
483 2545 594 2575 cidem
605 2546 765 2575 Claustro
777 2545 959 2581 contiguas
969 2547 1003 2574 et
1017 2554 1179 2581 annexas,
1189 2554 1297 2584 usquc
1309 2545 1351 2574 ad
1364 2545 1492 2575 dictam
1506 2545 1695 2575 Ecclesiam

315 2589 577 2628 progrediendo,
587 2589 753 2627 distingui
768 2592 803 2619 ct
815 2589 1040 2619 determinari
1052 2589 1291 2626 intelligimus,
1301 2589 1530 2625 decernimus,
1541 2592 1576 2619 et
1587 2590 1695 2619 eciam

315 2634 550 2670 declaramus3
567 2643 632 2673 que
647 2634 719 2664 loca
737 2633 910 2663 neminem
926 2633 968 2662 dc
981 2632 1128 2672 prefatis
1141 2633 1322 2663 Monacliis
1339 2633 1432 2663 exire
1446 2633 1615 2669 volumus,
1630 2633 1694 2663 nisi

314 2678 504 2708 secundum
530 2678 679 2708 formam
705 2677 921 2717 premissam,
948 2677 1010 2706 sub
1034 2677 1134 2716 penis
1160 2677 1318 2716 superius
1347 2677 1697 2713 desimiatisx—l'rkm,

313 2722 419 2760 vobis,
434 2722 562 2752 Abbati
582 2722 790 2761 supradicto,
802 2721 1019 2761 injungimus
1032 2728 1076 2758 et,
1092 2721 1239 2751 firmiter
1249 2721 1475 2760 injungendo,
1489 2722 1697 2751 mandamus

313 2766 476 2805 quatinus
489 2766 675 2796 Ricardum
693 2766 824 2803 Doune,
843 2765 929 2795 alias
942 2765 1162 2795 domicellum
1179 2766 1333 2795 vestrum
1346 2770 1379 2795 et
1393 2765 1476 2795 dicti
1492 2766 1692 2795 Monastcrii

314 2811 536 2849 servientem,
546 2820 587 2840 ex
598 2809 704 2840 certis
715 2812 749 2840 et
760 2809 927 2849 legitimis
940 2809 1063 2846 causis,
1074 2809 1109 2838 in
1122 2809 1247 2839 ultima
1260 2809 1472 2839 Visitacione
1485 2812 1603 2840 nostra
1614 2810 1698 2840 inibi

313 2863 375 2894 per
382 2864 445 2886 nos
456 2854 642 2885 actualiter
651 2853 814 2891 exercita,
824 2853 867 2883 ab
875 2852 1075 2893 hujusmodi
1087 2852 1207 2892 officio,
1217 2853 1373 2891 servicio,
1380 2863 1420 2883 ac
1429 2863 1527 2884 mora
1535 2863 1682 2893 quacum
1689 2873 1698 2878 -

311 2898 423 2938 quein
438 2898 531 2930 dicto
542 2898 755 2929 Monasterio
768 2897 929 2928 ammodo
940 2897 1238 2937 qualitercumque
1248 2896 1421 2928 faciendis
1432 2907 1495 2937 per
1508 2897 1695 2929 Decretum

339 2956 367 2988 L
