1907 3212
187 265 282 311 734

189 368 220 394 A.
228 369 263 394 D.

190 404 262 428 139¹.

190 436 250 461 Vol.
268 436 290 462 Ι.

404 280 503 312 THE
540 279 779 313 REGISTER
815 279 874 312 OF
910 279 1087 313 BISHOP
1122 278 1525 314 BRANTYNGHAM.

346 373 473 410 tancia,
491 383 708 412 quocumque
724 372 866 402 nomine
884 374 1103 411 censeantur,
1121 372 1231 403 eciam
1256 372 1285 403 si
1302 372 1337 402 in
1355 373 1517 403 manibus
1534 371 1731 402 debitorum

346 417 508 454 existant,
526 427 635 456 usque
660 417 703 447 ad
728 427 847 447 veram
872 417 1117 456 quantitatem,
1144 417 1216 447 sive
1242 427 1425 455 summam,
1451 427 1528 447 cum
1555 426 1624 456 qua
1648 416 1732 446 dicti

347 461 505 491 defectus
523 461 755 491 condecenter
772 463 937 500 poterunt
954 462 1120 501 reparari,
1138 472 1179 491 ex
1197 461 1312 491 causis
1335 462 1516 501 premissis
1540 463 1733 500 sequestra-

344 505 468 543 vimus,
486 508 588 545 prout
612 507 733 535 tenore
758 506 983 535 Prcsencium
1008 508 1286 545 sequestramus3
1312 506 1487 546 vobisque,
1512 505 1673 535 omnibus
1697 506 1733 534 et

346 549 502 587 singulis,
528 552 603 587 etc„
629 550 739 580 nostri
766 550 943 589 Sequestri
968 550 1164 580 custodiam
1190 550 1428 580 commisimus
1452 560 1514 590 per
1533 550 1732 586 Decretum,

344 596 409 624 etc.
431 592 480 633 (ιίι
502 595 554 623 tlte
571 604 717 623 common
731 592 1012 633 form).——Dated
1029 596 1065 624 at
1083 594 1288 633 Chudleigh,
1306 596 1326 624 8
1342 595 1433 634 Aug.

299 642 749 693 Combe-in-Teignhead
766 657 775 690 3
805 643 1055 692 Sequestrnm
1074 643 1350 692 interpositum
1370 644 1415 680 in
1432 642 1640 692 fructibus
1660 642 1730 679 Ec-

353 697 462 734 clesie
482 698 526 735 de
550 697 974 747 Combeimynhyde,——

301 752 462 791 Thomas,
480 756 555 791 ete„
575 753 720 783 Officiali
746 755 863 783 nostre
888 752 1080 783 Peculiaris
1103 752 1367 783 Jurisdiccionis
1383 752 1419 782 in
1437 752 1593 782 Devonia
1609 754 1644 782 et
1661 752 1732 781 Ma-

190 883 236 909 sol.
252 886 308 909 228.

347 798 457 835 ¹§sistro
486 798 616 828 'rhome
642 798 783 837 'sugg-el,
810 798 950 828 Rectori
984 797 1137 827 Ecclesie
1163 797 1205 827 de
1231 796 1547 837 Stokeintynhyde,
1573 797 1733 834 salutem,

347 842 549 880 etc—Quia
566 844 704 872 constat
721 842 830 879 nobis,
848 852 911 881 per
928 842 1063 872 Literas
1081 841 1345 872 certificatorias
1363 841 1447 872 dicti
1466 841 1630 871 Officialis
1656 850 1731 870 nos-

348 886 394 916 tri
412 896 451 916 ac
470 887 599 916 Decani
619 886 897 917 Christianitatis
916 886 1056 924 Exonie‚
1075 886 1198 925 sigillis
1216 886 1326 916 Officii
1338 886 1539 916 eorumdem
1551 885 1731 924 sigillatas,

351 930 556 967 Magistrum
575 931 787 961 lVillelmum
812 931 907 970 Pyle,
926 931 1108 961 Rectorem
1128 930 1280 960 Ecclesie
1298 930 1512 960 Parochialis
1529 930 1570 959 de
1589 929 1732 960 Combe-

347 975 553 1015 intynhyde,
572 976 615 1005 ad
632 975 769 1005 edificia
785 975 898 1005 mansi
916 975 1076 1005 Rectorie
1094 984 1154 1005 sue
1167 975 1322 1014 predicte
1336 975 1474 1013 integra
1485 973 1732 1011 conservanda,

349 1020 484 1049 dii-ruta
501 1030 540 1050 ac
557 1020 698 1050 ruinosa
714 1020 902 1050 reficienda
920 1022 955 1049 et
972 1019 1088 1049 debite
1112 1019 1318 1058 reparanda,
1344 1019 1460 1058 sepius
1477 1018 1586 1048 fuisse.
1604 1021 1639 1048 et
1656 1028 1731 1047 esse

348 1064 504 1102 legitime
522 1065 713 1101 monitum3
740 1074 779 1094 ac
796 1064 931 1101 deinde,
948 1066 1027 1102 post
1045 1064 1131 1093 duos
1148 1073 1295 1101 menses,
1310 1063 1418 1093 fuisse
1436 1065 1472 1093 et
1488 1073 1563 1093 esse
1578 1062 1732 1100 legitime

348 1108 563 1148 inquisitum,
582 1109 675 1138 dicto
694 1109 861 1148 Magistro
878 1108 1051 1138 Wsslelmo
1068 1108 1112 1138 ad
1130 1108 1193 1138 hoc
1218 1107 1381 1147 primitus
1405 1109 1559 1145 evocato,
1578 1117 1622 1137 an
1639 1107 1730 1136 idem

350 1152 517 1189 Magister
540 1153 735 1183 Willelmus
772 1152 973 1192 hujusmodi
999 1152 1265 1189 Monicionibus,
1291 1152 1355 1181 sibi
1379 1151 1589 1182 auctoritate
1613 1153 1734 1180 nostra

348 1197 464 1236 sepius
489 1197 603 1235 factis,
628 1197 754 1236 paruit,
780 1200 841 1227 aut
864 1207 986 1236 parere
1011 1196 1271 1236 quomodolibet
1295 1196 1448 1233 curavit3
1472 1199 1508 1225 et
1531 1205 1594 1235 per
1610 1195 1730 1235 hujus-

348 1242 440 1271 modi
460 1242 595 1271 Literas
612 1241 877 1272 certificatorias
893 1241 1094 1271 nullatenus
1110 1241 1263 1280 paritum
1280 1240 1389 1270 fuisse
1414 1240 1647 1279 comperimus
1664 1239 1732 1269 evi-

348 1287 491 1323 denter;
517 1286 786 1326 hujusmodique
800 1286 959 1316 defectus
976 1285 1018 1316 de
1036 1285 1157 1315 diebus
1181 1285 1217 1315 in
1241 1285 1315 1315 dies
1332 1284 1575 1315 deformitates
1591 1284 1732 1324 paciun-

348 1333 406 1359 tur
422 1331 610 1369 graviores,
628 1331 663 1360 in
680 1331 796 1360 anime
809 1330 918 1370 ipsius
937 1330 1096 1368 Magistri
1114 1329 1278 1360 Willelmi
1295 1339 1401 1368 grave
1417 1329 1622 1368 periculum,
1634 1331 1669 1358 et
1683 1328 1731 1367 ip-

348 1375 418 1405 sius
445 1375 598 1405 Ecclesie
624 1375 814 1414 dampnum
839 1385 908 1404 non
933 1374 1107 1404 modicum
1133 1376 1168 1404 et
1192 1384 1400 1412 gravamen5
1426 1373 1528 1411 unde,
1546 1373 1730 1412 reprobam

347 1419 534 1449 avariciam
552 1419 709 1459 ejusdem
728 1419 887 1458 Magistri
904 1418 1069 1449 Willelmi
1082 1418 1353 1456 considerantes,
1364 1427 1404 1447 eo
1417 1418 1507 1457 quod
1519 1417 1630 1446 multa
1642 1417 1732 1446 bona

348 1464 390 1493 ab
409 1464 530 1493 eadem
549 1464 705 1494 Ecclesia
722 1473 785 1493 sua
808 1463 940 1502 recepit
957 1465 991 1493 et
1009 1463 1142 1502 recipit,
1166 1472 1272 1492 onera
1295 1464 1414 1492 tamen
1439 1462 1551 1492 eidem
1577 1461 1732 1491 Ecclesic

347 1508 463 1537 debite
480 1508 724 1538 ineumhcncia
740 1508 855 1538 subire
872 1507 1048 1537 recusavit
1065 1510 1100 1537 et
1116 1509 1265 1545 recusat,
1290 1509 1412 1536 contra
1437 1506 1644 1536 Sanceiones
1669 1505 1730 1535 Ca-

348 1553 491 1582 nonicas
509 1552 707 1589 manifeste,
732 1562 811 1582 cum
836 1552 881 1582 sit
905 1554 1047 1582 cautum
1072 1551 1107 1580 in
1132 1551 1263 1581 eisdem
1288 1550 1471 1589 indignum
1488 1560 1563 1580 esse
1581 1550 1731 1589 aliquem

347 1597 511 1636 amplecti
543 1597 818 1633 emolimeutum,
843 1605 940 1633 onus,
972 1598 1101 1633 autem,
1133 1595 1290 1625 debitum
1321 1605 1391 1625 non
1424 1595 1553 1624 sentire
1577 1608 1584 1631 ;
1623 1603 1664 1624 ac
1696 1594 1731 1623 iu

348 1641 557 1671 Sanctorum
582 1642 727 1670 Patrum
753 1640 1074 1671 Constitucionibus
1098 1639 1293 1669 dinoscitur
1315 1649 1390 1669 esse
1415 1642 1556 1669 cautum
1575 1638 1676 1678 quod,
1703 1638 1730 1668 si

346 1686 423 1725 quis
447 1685 674 1715 beneficiatus
699 1685 743 1715 ad
768 1685 967 1724 hujusmodi
992 1694 1098 1714 onera.
1122 1684 1360 1723 supportanda
1383 1693 1446 1722 per
1470 1693 1569 1713 suum
1589 1683 1728 1722 Episco-

345 1740 428 1769 pum
446 1730 601 1767 legitime
617 1729 724 1759 fucrit
742 1729 905 1767 monituS,
931 1731 966 1759 et
990 1738 1052 1768 per
1075 1728 1161 1758 duos
1186 1737 1324 1757 menses
1340 1728 1375 1757 id
1390 1727 1507 1757 facere
1532 1727 1730 1764 cessaverit,

346 1778 473 1804 extunc
492 1774 683 1814 Episcopus
700 1774 784 1813 ipse,
802 1773 910 1813 ipsius
934 1773 1132 1803 beneficiati
1157 1772 1366 1812 sumptibus,
1392 1772 1427 1801 id
1452 1771 1527 1802 fieri
1543 1771 1661 1809 faciat,
1687 1771 1729 1801 de

348 1818 523 1849 fructibus
547 1819 656 1858 ipsius
683 1818 837 1848 Ecclesie
862 1820 897 1848 et
923 1817 1098 1855 Beneficii,
1123 1816 1374 1853 condecentem
1406 1826 1479 1855 nos,
1503 1818 1632 1853 autem,
1658 1817 1730 1845 tam

344 1863 423 1903 jura
441 1863 640 1893 communia
657 1873 760 1902 quam
778 1862 978 1902 hujusmodi
998 1861 1278 1892 Constituciones
1295 1860 1494 1891 execucioni
1519 1860 1730 1890 demandare

344 1908 511 1945 volentes,
530 1910 568 1937 ut
585 1918 626 1937 ex
644 1907 762 1937 debito
779 1907 985 1946 obligamur,
1010 1908 1149 1936 tantum
1175 1905 1216 1935 de
1241 1905 1415 1935 fructibus
1438 1905 1596 1945 ejusdem
1615 1904 1730 1934 Eccle-

346 1951 394 1981 sie
411 1954 581 1991 quantum
607 1951 754 1981 sufficiet
772 1951 816 1981 ad
834 1950 1036 1981 defectuum
1060 1950 1145 1980 inibi
1170 1950 1305 1979 notorie
1329 1949 1553 1988 reparacione
1571 1951 1604 1978 et
1623 1948 1729 1978 refec-

345 1996 442 2026 cione
460 1996 696 2034 indigene-ium
713 1995 973 2035 rcparacionem
991 1997 1026 2025 et
1043 1994 1274 2024 refeccionem
1292 1994 1524 2024 condecenter
1537 1994 1729 2032 sequestra-

344 2040 467 2078 vimus,
486 2043 588 2079 prout
606 2040 792 2070 actualiter
808 2041 1068 2079 sequestramus
1083 2053 1089 2076 ;
1114 2039 1211 2068 salva
1228 2048 1384 2077 congrua
1400 2038 1564 2077 porcione
1588 2037 1638 2066 illi
1664 2036 1728 2066 Cu·
1746 2052 1749 2056 ν

344 2087 421 2114 rato
438 2085 495 2124 qui
514 2095 575 2124 pro
592 2088 749 2124 tempore
766 2084 897 2114 eisdem
922 2083 1143 2123 parochianis
1167 2083 1252 2112 inibi
1277 2082 1451 2112 deserviet
1468 2082 1503 2111 in
1522 2081 1668 2118 Divinis,
1694 2084 1729 2111 ct

343 2130 555 2168 competenti
574 2129 833 2159 sustentacione
851 2128 990 2158 Rectori
1008 2127 1100 2165 Loci,
1117 2127 1217 2167 juxta
1233 2126 1421 2157 facultates
1445 2126 1603 2166 ejusdem
1622 2125 1728 2155 Bene-

343 2173 420 2209 ficii,
440 2174 466 2202 si
485 2176 520 2203 et
536 2176 710 2212 quatenus
726 2173 936 2211 indiguerit3
961 2172 1188 2211 ejusdemque
1207 2170 1384 2210 Sequestri
1409 2170 1605 2200 custodiam
1629 2169 1728 2199 vobis

343 2218 378 2247 in
397 2218 545 2247 Domino
562 2217 833 2248 committentes.
880 2216 1055 2256 Vobis-que
1072 2216 1219 2245 eandem
1238 2225 1411 2245 summam
1429 2215 1471 2244 de
1488 2213 1663 2244 fructibus
1680 2214 1729 2243 sie

342 2271 404 2300 per
420 2272 482 2291 nos
500 2262 726 2301 sequestratis
743 2261 943 2300 recipiendi,
962 2271 1001 2291 ac
1018 2270 1080 2300 pro
1096 2260 1355 2297 emendacione,
1372 2259 1606 2298 reparacione‚
1625 2262 1660 2287 et
1678 2268 1727 2288 re-

341 2306 496 2336 feccione
513 2306 714 2336 defectuum
732 2305 861 2335 ibidem
878 2308 1147 2344 compertorum,
1164 2304 1207 2334 ad
1225 2314 1372 2343 quorum
1389 2302 1632 2339 refeccionem,
1650 2306 1728 2341 ete„

343 2350 457 2380 dictus
490 2350 658 2388 Mag-ister
681 2350 875 2380 Willelmus
899 2349 1019 2379 existit
1042 2349 1158 2379 debite
1190 2348 1375 2387 obligatus,
1400 2346 1611 2387 applicandi,
1636 2347 1729 2377 vices

342 2397 480 2425 nostras
497 2395 753 2425 committimus
769 2404 832 2433 per
848 2394 1043 2431 Presentes,
1062 2396 1127 2423 etc.
1148 2390 1259 2432 (same
1277 2390 1388 2431 date).

297 2443 526 2481 Haccombe
540 2457 549 2490 3
578 2443 830 2492 Sequestrmn
852 2442 1127 2491 inim-pumicum
1143 2442 1189 2478 in
1209 2441 1320 2479 bonis
1339 2440 1667 2489 Arehipresbiteri
1683 2440 1727 2477 de

351 2498 397 2534 II
394 2498 574 2543 accombe,
586 2522 631 2526 ——

192 2550 274 2576 Nota.
298 2553 459 2591 Thomas,
476 2556 553 2591 etc.,
571 2554 711 2583 Decano
729 2553 770 2583 (le
789 2552 865 2583 Ken
883 2554 918 2582 et
937 2549 976 2592 [a
994 2551 1095 2581 blank
1112 2561 1207 2589 space
1225 2551 1283 2589 left
1293 2551 1349 2589 for
1366 2550 1457 2580 other
1473 2547 1618 2589 names]
1637 2549 1726 2579 salu-

343 2600 424 2635 tem,
437 2598 639 2636 etQ—Quia
656 2607 728 2634 nos,
746 2607 787 2627 ex
804 2597 909 2627 certis
926 2596 1091 2635 legitimis
1108 2596 1306 2633 evidenciis,
1324 2594 1557 2634 comperimus
1568 2594 1658 2633 quod
1676 2593 1724 2622 di-

345 2642 456 2671 lectus
466 2642 639 2681 quondam
652 2642 754 2679 filius,
766 2641 935 2671 Dominus
949 2641 1099 2670 Thomas
1117 2640 1225 2678 Potel,
1244 2649 1355 2679 nuper
1365 2638 1648 2677 Archipresbiter
1661 2638 1725 2667 Ar-

345 2687 657 2725 chipresbiteratus
666 2686 707 2716 de
716 2685 924 2723 Haecombe,
933 2685 1003 2725 jam
1014 2684 1212 2722 defunctus,
1222 2683 1408 2723 corporale,
1416 2683 1516 2723 juxta
1524 2682 1726 2720 Archipres-

347 2731 517 2760 hitcratus
530 2730 677 2769 predicti
696 2729 937 2760 ordinacionis
963 2729 1136 2759 Canonicc
1152 2728 1313 2765 formam,
1332 2727 1375 2757 ad
1392 2727 1574 2757 annuatim
1592 2725 1723 2755 solven-

344 2775 425 2804 dum
438 2778 473 2803 et
487 2774 774 2804 satisfaciendum
790 2774 942 2804 Ecclesie
960 2776 1078 2803 nostre
1097 2772 1296 2802 Cathedrali
1312 2770 1499 2801 Exoniensi
1516 2770 1558 2799 de
1575 2769 1723 2808 quadam

342 2828 457 2848 annua
470 2819 636 2857 pensione
648 2828 706 2848 sex
720 2828 916 2848 marcarum
925 2818 1048 2857 legalis
1061 2819 1200 2846 monete
1211 2816 1414 2855 Anglicane,
1425 2815 1507 2844 dum
1522 2813 1618 2851 vixit,
1630 2822 1722 2852 pres-

341 2863 413 2893 titit
427 2862 683 2904 juramentum3
702 2863 743 2892 (le
761 2872 837 2903 qua,
856 2862 1005 2903 quidem,
1018 2861 1275 2899 nichilominus,
1293 2859 1469 2901 pensione,
1481 2860 1556 2888 toto
1567 2860 1723 2897 tempore
