1907 3212
167 329 232 360 XX
821 322 1053 357 PREFAOE.

168 433 421 470 Vicariorum
448 436 543 469 sunt
571 432 630 468 ita
658 431 781 468 exiles
810 429 915 479 quod
945 428 997 466 ad
1026 427 1256 478 hujusmodi
1275 441 1396 466 onera
1417 440 1496 465 non
1515 430 1708 477 poterunt

168 487 360 535 compelli.
430 486 507 530 Qui
538 484 829 534 responderunt
860 482 976 532 quod,
999 483 1032 520 si
1052 483 1207 519 Vicarii
1226 481 1456 531 hujusmodi
1484 494 1602 531 super
1634 481 1707 518 hoc

167 543 472 589 conquerantur,
502 540 635 588 parati
654 542 773 576 erunt
793 543 900 574 stare
918 538 1000 586 juri
1019 541 1060 574 et
1079 536 1209 574 facere
1229 537 1331 586 quod
1353 535 1552 574 incumbit
1569 536 1612 572 in
1632 534 1705 572 hac

166 599 289 643 parte.
352 594 405 630 Et
426 593 529 630 idem
552 591 811 630 Reverendus
833 592 955 628 Pater
985 622 990 628 .
1025 621 1032 628 .
1065 621 1072 627 .
1107 621 1114 628 .
1145 591 1305 640 prefixit
1334 590 1452 628 dictis
1483 591 1645 627 Decano
1664 593 1705 626 et

168 647 356 696 Capitulo
376 646 479 684 diem
502 646 670 683 sabbati
690 646 871 694 proximo
891 650 988 682 tunc
1009 648 1250 694 sequentem,
1274 644 1460 682 videlicet
1489 643 1706 682 secundum

168 701 272 738 diem
312 701 458 738 mensis
495 701 522 737 J
527 701 609 746 ulii,
649 699 701 736 ad
740 699 1051 748 comparendum
1088 712 1220 736 coram
1258 712 1314 744 eo,
1354 700 1396 735 in
1435 698 1544 735 dicta
1578 697 1706 734 Domo

168 755 403 804 Capitulari‚
427 768 517 792 eum
537 767 655 804 super
675 754 877 803 premissis
897 753 1166 799 informaturi‚
1188 766 1234 790 ac
1253 752 1434 790 audituri
1449 757 1490 790 et
1510 751 1708 800 recepturi

167 810 208 845 in
229 822 275 846 ea
293 812 409 858 parte
429 808 532 857 quod
553 809 654 857 juris
674 808 798 845 fuerit
817 815 859 846 et
879 808 1059 845 racionis.
1120 807 1185 853 Et,
1205 807 1301 856 quia
1320 806 1424 844 idem
1445 805 1706 844 Reverendus

167 863 289 900 Pater
323 863 462 907 voluit,
500 866 545 899 ut
578 862 760 907 asseruit,
796 875 885 898 cum
917 861 1025 899 dicto
1058 862 1232 898 Domino
1262 861 1482 898 Exoniensi
1511 860 1707 909 Episcopo

166 930 283 965 super
316 916 647 954 concernentibus
684 929 894 965 personam
932 929 1045 952 suam
1082 916 1122 952 in
1162 915 1332 953 detectis
1364 919 1505 952 contra
1542 927 1633 951 eum
1665 914 1706 950 in

167 970 415 1007 Visitacione
445 984 516 1007 sua
545 970 845 1019 Metropolitica
874 969 1054 1019 predicta
1083 969 1323 1019 colloquium
1351 968 1508 1014 habere,
1530 968 1708 1018 precepit

164 1024 282 1061 dictis
300 1025 461 1062 Decano
480 1030 521 1061 et
542 1024 730 1073 Capitulo
750 1029 796 1061 ut
813 1024 985 1061 Domum
1002 1024 1275 1073 Capitularem
1290 1023 1512 1072 predictam
1527 1023 1682 1060 exirent
1698 1036 1706 1067 3

164 1078 308 1128 quibus
338 1078 629 1124 recedentibus,
661 1078 761 1115 dicti
792 1078 1021 1116 Reverendi
1041 1078 1194 1123 Patres,
1218 1078 1383 1115 Domini
1404 1077 1706 1114 Cantuariensis

165 1132 499 1182 Archiepiscopus
519 1137 560 1170 et
581 1133 802 1182 Episcopus
821 1132 1082 1178 ,Exoniensis,
1114 1136 1402 1170 consenserunt
1430 1135 1472 1169 et
1492 1131 1706 1168 voluerunt

163 1186 269 1236 quod
290 1186 433 1224 Clerici
453 1200 588 1224 eorum
610 1190 835 1224 tractarent
855 1199 973 1235 super
991 1186 1148 1236 juribus
1181 1187 1262 1223 suis
1291 1184 1530 1235 hujusmodi,
1553 1189 1595 1222 et
1614 1183 1707 1221 inde

163 1240 311 1277 dictam
351 1241 640 1278 Visitacionem
682 1240 1023 1289 Metropoliticam
1061 1239 1403 1277 concernentibus.
1484 1239 1538 1277 Et
1574 1238 1707 1276 dictus

164 1295 360 1332 Dominus
395 1295 698 1332 Cantuariensis
728 1294 1063 1343 Archiepiscopus
1090 1293 1403 1343 protestabatur,
1427 1297 1523 1330 tunc
1543 1292 1703 1338 ibidem,

163 1348 267 1398 quod
287 1362 358 1398 per
378 1353 598 1386 tractatum
618 1348 847 1397 hujusmodi
871 1348 1002 1385 noluit
1022 1348 1202 1385 recedere
1221 1361 1245 1385 a
1266 1348 1456 1386 Processu
1476 1361 1548 1385 suo
1567 1351 1707 1384 contra

162 1402 315 1440 dictum
337 1403 578 1452 Episcopum
600 1403 863 1439 Exoniensem
884 1401 1078 1447 faciendo,
1102 1406 1162 1439 set
1178 1403 1220 1439 in
1240 1415 1334 1439 casu
1354 1415 1431 1451 quo
1451 1415 1530 1438 non
1551 1414 1707 1438 concor—

162 1456 363 1494 daverunt
382 1457 545 1506 prefixit
568 1457 677 1494 dicto
698 1457 918 1494 Exoniensi
940 1457 1136 1505 Episcopo
1155 1456 1261 1494 diem
1282 1456 1429 1493 Martis
1449 1460 1547 1493 tunc
1575 1456 1703 1505 proxi-

163 1524 225 1548 mo
256 1516 486 1560 sequentem
527 1509 566 1563 [5
596 1512 618 1549 J
624 1511 712 1561 uly]
737 1510 787 1548 ad
809 1510 1120 1559 comparendum
1150 1523 1283 1547 coram
1303 1523 1359 1556 eo,
1382 1511 1425 1547 in
1445 1509 1555 1547 dicta
1576 1510 1704 1547 Domo

161 1565 398 1614 Capitulari,
421 1565 471 1602 ad
492 1565 732 1610 faciendum,
755 1564 1033 1610 exercendum,
1056 1569 1097 1602 et
1118 1564 1391 1614 recipiendum
1410 1565 1544 1602 omnia
1563 1568 1604 1601 et
1627 1564 1704 1601 sin-

162 1620 255 1669 gula
275 1632 351 1668 que
370 1619 449 1657 isto
468 1619 532 1656 die
553 1618 736 1656 Sabbatil
759 1623 863 1656 esset
882 1619 923 1655 in
945 1618 1053 1656 dicto
1069 1618 1331 1656 Visitacionis
1347 1619 1508 1668 negocio
1523 1618 1704 1655 facturus

162 1677 203 1710 et
233 1678 474 1722 recepturus.
535 1673 589 1710 Et
618 1673 790 1722 prefixit,
813 1678 911 1710 tunc
931 1672 1090 1718 ibidem,
1113 1672 1323 1723 Magistris
1343 1672 1547 1710 Willelmo
1568 1672 1704 1723 Payne

162 1732 203 1764 et
234 1727 448 1765 Edmundo
477 1727 769 1772 Malmeshulle‚
803 1727 1055 1777 Registrario
1093 1726 1193 1764 dicti
1233 1727 1473 1764 Exoniensis
1504 1727 1702 1776 Episcopi,

162 1781 265 1819 diem
305 1781 523 1818 secundum
554 1782 700 1819 mensis
729 1781 757 1818 J
761 1781 833 1818 ulii
861 1780 1034 1831 predicti
1065 1781 1115 1818 ad
1145 1780 1455 1831 comparendum
1485 1793 1617 1818 coram
1646 1793 1702 1826 eo,

162 1836 246 1872 loco
265 1835 455 1884 predicto,
479 1848 597 1885 super
616 1835 904 1885 impedimento
928 1835 1187 1873 Visitacionis
1208 1848 1277 1873 sue
1297 1834 1527 1885 hujusmodi
1556 1834 1705 1872 Metro-

163 1890 322 1938 politice
342 1893 383 1927 et
408 1890 436 1927 J
442 1889 715 1927 urisdiccionis
746 1889 1035 1934 Ecclesiastice‚
1058 1902 1104 1927 ac
1133 1902 1251 1939 super
1279 1893 1524 1938 contemptu,
1548 1901 1704 1938 respon-

163 1945 255 1989 suri,
278 1948 319 1981 et
337 1944 419 1993 juri
439 1945 481 1981 in
502 1943 688 1981 omnibus
708 1942 934 1993 parituri.'’²

244 1999 304 2034 At
324 1997 404 2035 this
426 1998 521 2035 time
541 1998 654 2036 there
676 1997 831 2035 seemed
859 2002 900 2034 to
930 1997 978 2035 be
1007 1998 1124 2043 little,
1147 2010 1191 2034 or
1219 2010 1282 2043 no,
1303 2002 1488 2046 prospect
1516 1996 1558 2034 of
1585 2009 1703 2046 peace

162 2051 341 2089 between
363 2051 430 2089 the
459 2052 704 2102 contending
732 2053 891 2101 parties.
953 2051 1133 2101 Already
1153 2051 1222 2089 the
1242 2050 1497 2100 Archbishop
1526 2050 1605 2088 and
1636 2051 1704 2090 the

230 2168 239 2187 ¹
264 2171 306 2201 25
323 2171 423 2208 June,
441 2171 547 2210 being
563 2171 623 2201 the
642 2171 710 2201 last
731 2171 906 2210 Saturday
923 2171 959 2201 in
975 2171 1036 2201 the
1053 2171 1186 2201 mouth.

227 2213 240 2232 ²
263 2215 362 2253 Ibid.,
380 2215 439 2245 fol.
455 2215 670 2246 101.—Here
686 2215 805 2245 follow
821 2216 937 2255 copies
954 2210 991 2246 of
1006 2215 1141 2246 certain
1157 2214 1284 2246 formal
1302 2215 1507 2246 documents
1524 2214 1562 2246 of
1577 2215 1702 2246 earlier

163 2259 372 2297 date,—The
391 2259 590 2290 Certificate
608 2259 645 2289 of
661 2259 722 2290 the
741 2259 874 2290 Official
893 2259 929 2290 of
945 2259 1005 2290 the
1022 2259 1251 2290 Archdeacon
1274 2259 1312 2290 of
1336 2259 1509 2290 Cornwall
1529 2257 1701 2299 (directed

162 2308 197 2333 to
229 2304 290 2334 the
325 2302 557 2343 Archbishop)
593 2304 671 2334 that
702 2304 745 2334 he
777 2303 845 2333 had
876 2303 961 2343 duly
986 2303 1171 2343 published
1198 2304 1258 2334 the
1289 2303 1538 2343 Archbishop's
1562 2304 1701 2334 Letters

165 2346 295 2387 (Dated
311 2354 347 2377 at
365 2348 536 2387 Tregony,
553 2348 596 2378 28
612 2346 728 2388 April)
745 2362 752 2385 ς
777 2348 860 2386 also,
878 2348 1011 2379 similar
1036 2347 1254 2379 Certificates
1277 2347 1315 2378 of
1337 2348 1554 2387 publication
1577 2348 1624 2388 by
1640 2348 1700 2378 the

160 2392 262 2421 other
278 2392 525 2422 Archdeacons
545 2390 619 2429 (fol.
639 2390 821 2431 101b).—“
834 2391 1008 2422 Inhibicio
1024 2402 1067 2422 ne
1084 2392 1298 2423 Mandatarii
1315 2392 1478 2432 Episcopi
1496 2392 1701 2423 Exoniensis

160 2439 376 2475 exequantur
394 2436 598 2466 Mandatum
617 2436 798 2467 Generalis
811 2436 994 2466 Sentencie
1011 2438 1135 2466 contra
1150 2436 1393 2476 delinquentes
1409 2436 1501 2476 apud
1513 2436 1700 2467 Creditone

161 2483 195 2509 et
214 2479 415 2509 Exoniam”
444 2478 519 2519 (fol.
540 2480 622 2517 1023
648 2490 698 2510 see
722 2491 778 2520 pp.
796 2479 1063 2516 544—550).—“
1078 2480 1189 2511 Breve
1215 2480 1362 2520 Regium
1387 2481 1431 2511 ad
1455 2481 1699 2511 arrestandum

161 2526 195 2553 et
222 2524 429 2562 capiendum
462 2524 703 2563 delinquentes
735 2524 883 2554 Domino
915 2524 1185 2564 Archiepiscopo
1216 2525 1309 2564 apud
1341 2524 1566 2564 Topesham‚”
1595 2525 1699 2555 dated

164 2568 202 2597 12
219 2568 320 2604 June,
338 2568 357 2599 7
376 2568 447 2598 Ric.
466 2568 513 2598 ΙΙ.
535 2567 610 2605 (fol.
631 2569 726 2598 102b.
775 2568 832 2598 See
855 2578 943 2608 page
960 2568 1263 2605 xviii).—Licence
1286 2569 1437 2608 granted
1460 2571 1496 2599 to
1513 2569 1573 2599 the
1589 2568 1697 2599 Arch-

161 2612 309 2642 deacons
334 2611 370 2641 of
395 2611 578 2649 Cornwall,
604 2613 741 2649 Totnes,
767 2613 836 2642 and
868 2613 1086 2652 Barnstaple‚
1119 2612 1328 2652 “pendente
1356 2611 1601 2649 Visitacione‚’'
1627 2611 1645 2625 “
1661 2615 1699 2642 ut

161 2665 394 2694 quoscumque
412 2659 602 2695 proventus
619 2657 758 2686 racione
776 2656 882 2687 vestri
900 2656 1215 2687 Archidiaconatus
1240 2666 1301 2687 seu
1323 2656 1598 2693 Jurisdiccionis,
1615 2659 1698 2687 ante

161 2699 413 2730 Visitacionem
439 2702 595 2729 nostram
614 2700 907 2740 Metropoliticam
932 2700 968 2730 in
993 2701 1181 2731 Exoniensi
1203 2700 1341 2731 Diocesi
1357 2710 1420 2740 per
1435 2710 1498 2730 nos
1514 2699 1699 2731 actualiter

158 2742 369 2781 inchoatam,
391 2743 489 2773 vobis
506 2743 642 2774 debitos
659 2754 679 2774 a
696 2744 845 2775 subditis
866 2744 1024 2784 ejusdem
1047 2744 1372 2782 Archidiaconatus,
1389 2744 1497 2774 levari
1524 2746 1560 2774 et
1582 2744 1698 2784 colligi

158 2785 274 2816 facere
297 2787 453 2823 valeatis,
479 2795 514 2817 et
542 2797 761 2826 compescere
785 2798 854 2818 non
880 2789 1075 2825 solventes3
1101 2788 1194 2826 dum,
1219 2791 1348 2826 tamen,
1367 2787 1529 2828 Capitula
1551 2797 1614 2827 per
1636 2798 1697 2819 vos

159 2833 220 2860 aut
236 2830 354 2868 alium,
372 2831 546 2869 pendente
563 2838 683 2862 nostra
693 2831 909 2862 Visitacione
926 2832 1137 2872 hujusmodi,
1155 2831 1298 2863 minime
1315 2831 1508 2870 celebretis,
1526 2841 1589 2862 nec
1605 2832 1697 2872 quic-

159 2883 263 2913 quam
280 2874 316 2904 in
332 2875 441 2914 ipsius
462 2875 683 2905 visitacionis
700 2876 931 2916 prejudicium
950 2876 1171 2916 attemptetis
1185 2874 1203 2888 ”
1224 2873 1301 2915 (not
1318 2874 1458 2913 dated).>

1887 2779 1894 2788 ·
1884 2022 1907 2722 Ϊ“Μ’Ξ-’τνετι-ᾼιειιιαειιεωιιι-ιιιῃιυιιιηι-ιιι
1867 889 1907 1998 ΜΨ.
1901 715 1907 888 1—-—-
1904 673 1907 685 -
