1907 3212
446 293 734 327 REGISTRUM
769 293 1226 327 COMMUNE——ANNO
1264 284 1357 327 21⁰.
1574 280 1664 327 701

133 373 207 401 AD·
289 383 475 420 quentibus
500 387 535 415 et
559 385 707 416 assiduis
734 384 1025 416 Excellentissimi
1049 385 1085 414 in
1111 384 1250 415 Christo
1278 383 1449 423 Principis
1472 386 1507 414 et
1531 383 1670 414 Domini

136 440 185 466 Vol
214 442 234 467 Ι,
288 427 408 465 nostri,
434 427 572 458 Domini
598 429 746 467 Ricardi,
764 429 827 460 Dei
850 429 968 468 gracia
992 429 1096 468 Regis
1119 428 1255 467 Anglie,
1280 429 1357 465 etc„
1381 427 1671 466 Nobilissimeque

290 469 454 509 Mulieris,
473 473 619 503 Domine
636 474 746 511 Anne,
764 473 933 504 consortis
956 473 1123 513 ejusdem,
1141 472 1272 511 Regine
1290 471 1433 511 Anglie;
1459 481 1499 502 ac
1523 471 1669 501 aliorum

290 512 527 554 Dominorum,
546 517 774 554 Prelatorum,
791 520 825 548 et
842 518 1028 547 Procerum
1047 517 1157 555 Regni
1174 517 1319 555 Anglie;
1344 525 1488 553 necnon,
1507 515 1670 546 Custodis

291 560 326 586 et
353 558 607 591 Canonicoruin
634 562 778 599 Collegii
803 562 925 592 Libere
952 560 1090 600 Capelle
1118 561 1223 600 Regie
1245 560 1286 590 de
1308 560 1529 600 Wyndesore,
1553 559 1667 589 Sares-

291 600 450 634 hiriensis
468 605 631 643 Diocesis,
649 600 945 645 postulacionibus
962 607 996 635 et
1014 605 1328 644 supplicacionibus
1339 604 1467 644 pulsati
1479 606 1514 634 et
1531 603 1667 634 ferven-

290 645 364 676 cius
380 648 532 683 excitati,
550 652 589 679 ut
606 650 796 680 Ecclesiam
821 648 1058 679 Parochialem
1084 649 1126 678 de
1151 648 1430 686 Northmoltone,
1447 648 1483 678 in
1499 657 1567 687 qua
1583 647 1667 677 dicti

292 689 417 721 Custos
434 695 468 722 et
486 693 651 723 Canonici
667 694 723 734 jus
740 694 910 733 optinent,
927 697 966 723 ut
982 695 1153 731 asserunt,
1165 693 1387 730 Patronatus,
1405 702 1446 722 ex
1462 691 1667 732 quibusdam

291 735 403 765 causis
416 737 646 775 evidentibus,
657 738 871 777 urgentibus,
883 741 917 767 et
928 737 1142 775 necessariis,
1156 746 1240 776 quas
1253 736 1467 775 pretendunt
1479 746 1513 766 se
1530 735 1668 772 habere,

291 778 340 807 eis
357 781 392 809 et
408 781 564 819 predicto
580 792 698 811 corum
717 782 870 821 Collegio
885 784 1032 820 paterna
1048 781 1236 811 affeccione
1254 780 1351 810 unire
1377 782 1411 810 et
1436 780 1668 819 appropriare,

294 827 431 854 servata
448 825 692 864 solempnitate
710 825 836 863 debita,
861 825 1106 865 dignaremur,
1133 824 1349 855 decrevimus
1374 834 1477 863 super
1497 824 1562 854 hiis
1579 826 1667 854 trac-

292 868 406 897 tatum
423 869 510 899 inire
526 870 703 900 vobiscum
722 870 924 909 diligentem
941 869 1051 899 eciam
1076 871 1111 899 et
1132 869 1356 908 solempnem.
1404 868 1555 907 Ideoque
1571 867 1669 897 vobis

293 911 510 951 mandamus,
528 916 604 952 etc,
621 914 785 953 quatinus
805 914 929 951 citetis,
948 923 1008 943 seu
1025 913 1126 943 citari
1143 912 1291 950 faciatis,
1309 912 1552 952 peremptorie,
1567 912 1668 952 juxta

293 964 422 985 morem
442 956 610 988 hactenus
627 958 662 987 in
680 958 772 988 dicta
790 957 943 987 Ecclesia
959 959 1079 987 nostra
1096 960 1312 994 consuetum,
1326 966 1446 986 omnes
1462 958 1497 986 et
1514 956 1670 995 singulos

294 998 329 1027 in
346 1000 464 1030 eadem
486 1001 640 1031 Ecclesia
657 1002 865 1040 Dignitates,
878 1001 1098 1039 Personatus,
1113 1000 1242 1039 Officia,
1257 1000 1491 1031 canonicatus
1508 1001 1617 1030 eciam
1635 1002 1670 1029 et

295 1041 493 1075 Prebendas
510 1046 718 1084 optinentes,
736 1046 977 1085 peremptorie,
995 1046 1085 1085 quod
1108 1047 1331 1084 compareant
1356 1054 1471 1074 coram
1489 1043 1599 1081 nobis,
1616 1044 1669 1074 vel

294 1087 386 1117 vices
403 1096 540 1119 nostras
557 1090 591 1119 in
610 1090 673 1120 hac
691 1094 789 1129 parte
806 1089 1017 1128 gerentibus,
1035 1090 1070 1119 in
1088 1089 1197 1119 Domo
1215 1088 1407 1128 Capitulari
1432 1088 1589 1128 ejusdem
1607 1088 1668 1118 Ec-

293 1130 396 1161 clesie
412 1136 539 1171 nostre,
557 1134 612 1163 die
632 1134 727 1164 Lune
744 1134 902 1173 proxima
921 1136 997 1173 post
1018 1134 1159 1164 Festum
1185 1133 1305 1163 Sancti
1323 1132 1494 1163 Johannis
1511 1132 1670 1172 Baptiste

292 1176 449 1213 proximo
481 1187 573 1207 nunc
598 1178 768 1215 futurum,
798 1188 901 1217 super
927 1177 1092 1217 predictis
1120 1177 1298 1207 nobiscum
1326 1176 1380 1207 vel
1408 1176 1501 1206 vices
1532 1179 1671 1206 nostras

292 1220 494 1255 gerentibus
512 1221 711 1261 hujusmodi
736 1222 863 1252 ibidem
889 1222 1004 1251 debite
1029 1221 1224 1259 tractaturi,
1249 1231 1418 1260 suumque
1436 1220 1618 1250 consilium
1635 1223 1669 1250 et

292 1272 499 1294 consensum
516 1266 582 1295 hiis
594 1276 658 1305 que
672 1269 756 1296 tunc
770 1276 873 1305 super
886 1266 1016 1296 eisdem
1029 1275 1091 1305 per
1104 1275 1176 1303 nos,
1194 1268 1256 1295 aut
1269 1265 1380 1295 dictos
1390 1264 1484 1294 vices
1498 1266 1670 1303 gerentes,

292 1307 445 1338 ordinari
462 1310 648 1349 contigerit
664 1310 819 1349 legitime
836 1310 1037 1349 impensuri,
1054 1310 1251 1349 tactui-ique
1267 1309 1414 1339 ulterius
1438 1309 1473 1338 in
1498 1308 1670 1346 omnibus,

290 1354 459 1393 quantum
477 1353 520 1383 ad
537 1364 595 1384 eos
611 1355 749 1391 attinet,
767 1354 857 1394 quod
874 1354 1072 1394 hujusmodi
1089 1354 1272 1393 negocium
1289 1353 1323 1382 in
1342 1363 1377 1383 se
1394 1352 1501 1392 exigit
1512 1354 1547 1382 et
1560 1353 1671 1392 requi—

291 1395 347 1432 rit,
365 1398 592 1428 etc.*Dated
608 1401 644 1428 at
662 1398 770 1438 Clyst,
790 1399 828 1428 11
846 1398 947 1429 June⁴

250 1436 304 1476 (ii)
328 1439 527 1470 Mandatum
556 1442 599 1471 ud
626 1443 797 1474 citandum
825 1443 990 1472 Rectorem
1022 1442 1060 1471 de
1084 1441 1335 1471 Northmonae
1352 1441 1396 1470 ad
1417 1440 1669 1479 proponendum

289 1492 424 1514 causam
443 1495 544 1523 quare
563 1486 757 1525 hujusmodi
774 1486 1017 1524 Appropriacz'o
1028 1486 1106 1524 fieri
1120 1496 1185 1515 *non
1207 1485 1377 1523 debeat,—

248 1525 407 1566 Thomas,
434 1536 510 1568 etc.,
537 1531 686 1561 Decanis
704 1530 982 1561 Christianitatis
1007 1532 1125 1560 nostre
1153 1530 1314 1560 Civitatis
1339 1529 1545 1560 Exoniensis
1569 1532 1603 1559 et
1630 1529 1672 1559 de

292 1571 453 1611 Moltone‚
481 1575 693 1614 singulisque
721 1575 859 1605 Curatis
883 1574 1085 1605 eorumdem
1102 1575 1354 1612 Decanatuum,
1378 1573 1536 1611 salutem,
1561 1575 1671 1603 etc.—>

294 1615 545 1656 Frequentibus
565 1622 599 1649 et
622 1619 780 1657 assiduis,
804 1622 971 1657 utsupra,
989 1628 1093 1656 usque
1117 1618 1443 1657 ibi—dignaremur.
1491 1617 1670 1655 volentes,

292 1660 409 1699 igitur,
427 1662 462 1691 in
480 1663 623 1701 negocio
639 1663 777 1702 prefato
795 1663 985 1693 secundum
1002 1662 1089 1703 juris
1106 1662 1286 1692 tramitem
1303 1662 1458 1701 legitime
1475 1661 1671 1701 procedere,

292 1707 329 1733 ut
348 1707 518 1743 tenemur,
538 1707 644 1741 vobis,
663 1707 896 1737 communiter
912 1710 947 1737 et
964 1707 1114 1744 divisim,
1138 1706 1347 1736 mandamus
1364 1706 1527 1745 quatinus
1545 1705 1672 1743 citetis,

136 1741 181 1767 Μ’
197 1744 274 1769 ²03*
295 1751 371 1786 etc,
390 1750 577 1780 Dominum
596 1751 782 1781 Ricardum
801 1751 973 1789 Raundes,
991 1751 1147 1791 ejusdem
1174 1750 1327 1780 Ecclesie
1345 1750 1386 1779 de
1404 1749 1672 1780 Northmoltone

293 1791 486 1831 Rectorem,
504 1795 734 1833 personaliter
751 1796 779 1825 si
797 1796 845 1825 sic
862 1796 976 1825 valeat
993 1794 1217 1834 apprehendi,
1236 1804 1295 1824 seu
1313 1794 1388 1834 ejus
1405 1794 1670 1824 Procuratorem

296 1836 322 1865 si
341 1847 441 1876 quem
460 1838 649 1875 dimiserit3
675 1839 836 1879 alioquin,
855 1839 1043 1869 Citaeionis
1060 1839 1173 1869 edicto
1197 1839 1233 1868 in
1257 1837 1411 1868 Ecclesia
1437 1847 1499 1868 sua
1522 1837 1670 1877 prefata,

292 1890 331 1909 ac
348 1881 392 1910 ad
409 1881 550 1912 domum
568 1883 798 1913 habitacionis
810 1883 969 1913 Rectorie
987 1883 1078 1912 dicte
1097 1882 1259 1917 Ecclesie,
1277 1892 1393 1912 coram
1418 1882 1510 1912 notis
1526 1884 1561 1911 et
1587 1882 1670 1912 ami-

292 1924 339 1954 cis
357 1925 427 1955 suis
444 1926 580 1965 publice
597 1927 784 1965 proposito,
802 1927 850 1957 sic
867 1927 955 1966 quod
973 1926 1160 1957 verisimile
1178 1927 1224 1956 sit
1241 1925 1455 1956 Citacionem
1472 1925 1671 1966 hujusmodi

291 1968 335 1998 ad
362 1969 471 2008 ipsius
496 1971 662 2000 noticiam
691 1971 892 2010 pervenire3
919 1971 1010 2010 quod
1035 1972 1235 2010 compareat
1252 1980 1368 2000 coram
1386 1970 1485 2000 nobis
1507 1970 1561 2000 vel
1578 1970 1671 2000 vices

292 2016 429 2043 nostras
455 2014 666 2052 gerentibus,
693 2015 727 2044 in
756 2015 911 2045 Ecclesia
934 2018 1055 2044 nostra
1081 2014 1281 2044 Cathedrali
1299 2014 1495 2052 Exoniensi‚
1513 2013 1595 2054 xxiij
1615 2014 1670 2044 die

293 2057 420 2087 mensis
437 2058 531 2087 Junii
550 2059 704 2097 proximo
720 2069 812 2088 nunc
828 2058 958 2096 futuro,
973 2059 1001 2089 si
1012 2059 1187 2089 Juridicus
1197 2058 1304 2088 fuerit
1317 2073 1323 2095 ;
1335 2058 1497 2098 alioquin,
1514 2057 1672 2098 proximo

292 2101 346 2130 die
363 2101 518 2131 Juridico
536 2103 690 2141 proximo
708 2106 835 2133 extunc
860 2103 1028 2142 sequenti,
1046 2112 1185 2133 causam
1207 2112 1267 2133 seu
1284 2112 1407 2133 causas
1423 2102 1669 2132 racionabilem

291 2154 350 2174 sen
379 2146 617 2183 racionabilcs,
645 2147 672 2177 si
701 2157 803 2186 quam
829 2157 890 2177 seu
917 2157 1002 2186 quas
1027 2157 1088 2186 pro
1105 2157 1140 2176 se
1158 2146 1295 2184 habeat,
1312 2156 1417 2186 quare
1435 2146 1478 2176 ad
1496 2146 1669 2177 Unionem

291 2192 325 2218 et
355 2190 686 2229 Appropriacionem
716 2191 868 2221 Ecclesie
897 2191 938 2221 de
970 2191 1238 2221 Northmoltone
1267 2190 1440 2221 Canonice
1472 2189 1669 2221 faciendam

290 2234 476 2271 procedere
505 2235 647 2265 minime
671 2235 868 2272 debeamus,
897 2235 932 2265 in
959 2235 1076 2265 debita
1100 2235 1188 2275 juris
1211 2234 1326 2265 forma
1350 2234 1601 2274 propositurus,
1630 2245 1670 2265 ac

292 2277 334 2306 de
360 2277 528 2308 interesse
557 2289 628 2316 suo,
654 2279 681 2309 si
699 2279 789 2319 quod
806 2279 933 2309 habeat
949 2279 984 2309 in
1001 2279 1067 2309 hac
1083 2282 1194 2319 parte,
1211 2279 1386 2317 docturus,
1404 2281 1617 2317 ostensurus,
1635 2282 1669 2309 et

291 2321 445 2359 legitime
472 2322 689 2361 probaturus.
747 2323 800 2353 Ad
826 2323 899 2360 hec,
923 2323 1030 2361 vobis,
1059 2323 1291 2354 communiter
1318 2326 1353 2353 et
1375 2322 1523 2361 divisim,
1548 2326 1668 2353 tenore

292 2365 513 2396 Presencium
540 2367 791 2397 committimus
818 2371 854 2397 et
882 2367 1088 2397 mandamus
1114 2367 1277 2407 quatinus
1302 2367 1336 2397 in
1362 2367 1524 2398 Ecclesiis
1549 2369 1669 2398 nostra

292 2408 491 2439 Cathcdrali
518 2413 552 2440 et
581 2410 622 2440 dc
651 2411 919 2441 Northmoltone
936 2411 1101 2451 predictis
1117 2411 1442 2450 proclamacionem,
1460 2421 1521 2450 per
1537 2420 1598 2441 vos
1614 2412 1666 2441 vel

292 2463 353 2491 per
378 2454 473 2489 alios,
502 2454 641 2485 faciatis
666 2455 840 2494 publicam
861 2458 895 2486 et
913 2456 1136 2495 solempnem,
1154 2455 1242 2496 quod
1261 2465 1381 2486 omnes
1398 2458 1433 2485 et
1457 2455 1584 2494 singuli
1609 2455 1668 2485 ali—

290 2497 379 2536 quod
396 2497 452 2537 jus
470 2508 530 2528 seu
546 2499 714 2529 interesse
732 2509 767 2530 se
785 2499 912 2529 habere
929 2500 1186 2539 pretendentes,
1200 2509 1306 2539 quare
1323 2499 1522 2539 hujusmodi
1534 2500 1666 2539 Appro-

290 2541 419 2579 priacio
438 2552 497 2572 seu
516 2542 606 2573 Unio
623 2543 808 2582 procedere
826 2553 894 2573 non
911 2543 1045 2581 debeat,
1063 2547 1101 2574 ut
1127 2544 1311 2583 prefertur,
1335 2543 1424 2583 quod
1443 2547 1667 2582 compareant

289 2595 403 2615 coram
423 2586 531 2623 nobis,
549 2591 626 2625 etc,
643 2587 852 2626 supradictis
870 2587 924 2617 die
941 2590 977 2618 et
993 2588 1076 2625 loco,
1093 2588 1150 2627 jus
1167 2597 1227 2618 seu
1244 2588 1410 2617 interesse
1429 2597 1529 2617 suum
1547 2587 1665 2628 hujus-

289 2629 381 2659 modi
398 2630 609 2670 proposituri
625 2633 660 2661 et
676 2631 831 2669 legitime
848 2632 1030 2670 ostensuri,
1056 2632 1250 2671 factm-ique
1269 2632 1423 2670 ulterius,
1441 2631 1666 2662 etc.—Dated

288 2676 323 2703 at
343 2673 450 2714 Clyst,
470 2675 507 2704 11
525 2674 640 2706 June.¹

133 2766 143 2785 ¹
162 2768 214 2799 On
238 2769 299 2800 the
323 2770 428 2801 death
453 2771 490 2802 of
515 2771 687 2810 Raundes,
712 2772 748 2802 in
769 2773 864 2811 1400,
976 2772 1178 2812 exchanged
1201 2772 1380 2811 Benefices
1403 2773 1490 2803 with
1514 2772 1665 2804 Richard

178 2812 308 2854 Bishop
337 2814 489 2846 Stafford
514 2816 663 2846 collated
690 2816 864 2848 Laurence
979 2816 1084 2856 More,
1103 2816 1141 2847 R.
1159 2817 1196 2847 of
1214 2816 1263 2847 St.
1282 2816 1569 2857 Columb-Major,
1587 2817 1664 2847 who

180 2856 332 2898 Haukyn
351 2859 367 2888 b
374 2870 390 2896 y
406 2859 509 2897 lapse.
557 2860 598 2890 In
614 2860 698 2891 1406
714 2859 865 2902 Haukyn
978 2870 1048 2892 was
1069 2860 1241 2892 admitted
1258 2861 1326 2892 and
1343 2861 1527 2891 instituted
1544 2871 1587 2892 on
1605 2861 1665 2892 the

267 2916 301 2950 K
