1907 3212
449 329 734 365 REGISTRUM
781 332 1238 366 COMMUNE—ANNO
1280 323 1369 365 l9⁰.
1579 322 1668 365 681

136 424 450 484 1A3-813·nicatum
468 433 516 464 sic
527 444 612 473 esse,
624 435 804 466 occasione
820 435 1080 475 premissorum,
1098 434 1172 465 fore
1189 434 1470 465 denunciandum
1482 435 1673 466 decreveri-

136 491 199 518 vol·
217 492 239 518 Ι·
294 484 382 514 mus,
398 476 539 516 justicia
557 479 742 517 suadente;
767 480 865 510 vobis
882 479 1135 510 committimus
1151 482 1185 509 et
1202 479 1410 509 mandamus
1421 479 1584 518 quatinus
1597 489 1672 519 pre-

293 518 407 549 fatum
432 521 630 561 Dompnum
655 524 823 553 Thomam
847 523 1034 563 Wyndout,
1060 523 1268 553 Monachum
1293 526 1327 553 et
1354 523 1574 553 Confratrem
1599 533 1672 553 ves-

292 565 386 593 trum
403 565 608 604 predictum,
635 568 682 597 sic
707 568 1045 597 excommunicatum
1070 567 1178 598 fuisse
1203 570 1238 597 et
1264 577 1339 597 esse
1356 567 1392 597 in
1411 567 1566 597 Ecclesia
1584 567 1672 598 Con-

291 609 446 638 ventuali
464 610 619 649 ejusdem
640 612 852 649 Monasterii,
870 622 931 651 per
947 621 1017 649 vos,
1035 621 1095 642 seu
1112 611 1270 651 ejusdem
1296 611 1498 641 Monasterii
1517 611 1671 642 Priorem

293 650 534 691 Claustmlein,
552 658 612 684 aut
629 655 736 685 alium
753 656 807 686 vel
825 656 920 693 alios,
944 656 1081 694 publice
1106 658 1141 685 et
1166 656 1392 694 solempniter
1408 656 1592 693 nuncietis,
1611 666 1672 686 seu

292 694 432 727 faciatis
448 698 584 737 publice
608 700 777 738 nunciari,
794 700 1020 730 etc.—Dated
1037 702 1073 729 at
1091 700 1199 739 Clyst,
1216 700 1259 729 29
1277 699 1406 730 March.

248 735 306 778 [ii]
333 739 493 779 Thomas,
511 745 587 781 etc„
606 743 765 783 Dompno
782 743 922 781 Thome,
946 743 1086 781 Abbati,
1111 749 1186 781 etc.,
1212 743 1474 773 salutem—Ad
1491 743 1672 774 absolven-

293 783 375 813 dum
401 785 600 825 Dompnum
625 787 793 817 Thomam
818 788 1003 827 VVyndout,
1028 788 1185 827 ejusdem
1212 788 1415 817 Montis-terii
1439 788 1547 817 vestri
1572 788 1672 818 Com—

293 829 502 860 monachum
527 834 561 861 et
587 831 819 869 confratrem,
843 842 863 862 a
889 832 1073 862 Sentencia
1106 832 1487 862 Excornmunicacionis
1519 832 1672 872 Majoris,

292 881 369 911 qua,
387 877 530 912 propter
554 875 784 905 violentarum
801 885 967 906 manuum
985 876 1213 915 injeccionem
1231 876 1266 905 in
1283 886 1353 913 vos,
1368 876 1541 906 Abbatem
1559 886 1672 914 suum,

293 918 524 956 commissam,
537 919 703 949 extiterat
715 920 912 957 innodatus,
926 920 1025 960 juxta
1040 919 1192 950 formam
1206 920 1359 959 Capituli
1375 920 1439 949 Eos
1457 920 1515 957 qui
1531 929 1571 950 ac
1588 920 1674 950 alios

296 959 455 992 Canones
479 962 513 991 in
539 963 603 993 hac
629 966 728 1003 parte
752 964 818 993 rite
842 964 963 1001 editos,
988 974 1095 1003 usque
1119 964 1164 994 ad
1187 964 1398 1003 quindenam
1414 964 1571 1004 proximo
1594 967 1674 1004 post

295 1003 414 1034 datam
432 1006 655 1037 Presencium
679 1008 842 1037 continue
868 1008 1132 1045 numerandam,
1159 1018 1219 1038 seu
1243 1008 1287 1037 ad
1311 1018 1468 1038 mensem
1485 1008 1530 1038 ad
1546 1009 1672 1048 majus,

295 1048 323 1078 si
339 1049 556 1081 imminentis
573 1052 695 1081 mortis
711 1052 879 1082 articulus
895 1055 956 1082 aut
973 1052 1067 1082 aliud
1078 1052 1367 1091 impedimentum
1386 1052 1599 1082 Canonicum
1610 1053 1672 1082 im-

294 1092 451 1123 mineant
467 1096 503 1124 et
520 1095 732 1132 subsistant;
758 1096 865 1134 vobis,
885 1096 925 1126 de
943 1096 1043 1136 cujus
1067 1096 1390 1135 circumspeccionis
1406 1096 1580 1126 industria
1604 1097 1673 1136 ple-

294 1146 373 1166 nam
404 1137 439 1167 in
466 1138 614 1169 Domino
642 1140 805 1170 fiduciam
831 1140 994 1179 gerimus,
1021 1140 1274 1170 committimus
1304 1140 1398 1170 vices
1429 1143 1576 1178 nostrae,
1609 1143 1674 1172 etc.

295 1178 406 1219 (same
424 1180 533 1222 date).

248 1238 459 1290 Plympton
476 1255 486 1288 3
517 1243 669 1280 Licence
690 1250 726 1281 to
747 1244 994 1290 celebrate,—

249 1293 351 1333 Item,
369 1297 461 1335 apud
479 1296 587 1337 Clyst,
605 1308 671 1327 xxx
688 1298 742 1328 die
760 1298 843 1329 dicti
868 1299 999 1329 mensis
1023 1298 1154 1337 Marcii,
1180 1299 1349 1329 Dominus
1366 1299 1535 1329 concessit
1553 1299 1672 1329 Licen-

294 1339 381 1369 ciam
400 1341 548 1371 Domino
566 1342 756 1372 Laurencio
774 1343 1032 1382 Brighteleghe,
1052 1343 1189 1373 Rectori
1218 1343 1370 1373 Ecclesie
1394 1343 1607 1373 Parochialis
1632 1344 1674 1373 de

294 1383 468 1423 Torytone
485 1395 622 1424 magna,
649 1389 683 1416 et
710 1386 840 1417 'rhome
868 1387 1126 1426 Brighteleghe,
1151 1387 1343 1425 domicello,
1361 1387 1451 1426 quod
1476 1387 1568 1417 idem
1587 1388 1673 1417 Lau-

292 1427 430 1458 rencius
455 1430 563 1467 possit
589 1430 764 1460 celebrare
788 1431 915 1460 Divina
940 1431 975 1460 in
995 1431 1146 1470 Capella,
1170 1432 1241 1462 sive
1268 1432 1436 1467 oratorio,
1457 1431 1551 1461 infra
1578 1431 1674 1461 Man-

293 1480 369 1501 sum
387 1472 429 1502 de
447 1473 620 1511 Westhoo,
645 1474 737 1504 infra
762 1474 967 1505 Parochiam
991 1476 1238 1514 Apostolorum
1255 1475 1349 1505 Petri
1367 1481 1399 1505 et
1420 1476 1517 1505 l’auli
1535 1476 1674 1515 Plymp-

292 1516 386 1546 tonie
404 1517 572 1547 situatum
588 1532 594 1555 ;
620 1522 655 1548 et
671 1519 761 1558 quod
780 1522 924 1558 uterque
941 1529 1060 1549 eorum
1085 1520 1195 1559 possit
1212 1519 1327 1550 facere
1352 1519 1529 1557 celebrari,
1547 1520 1583 1549 in
1600 1530 1674 1559 pre-

293 1561 410 1590 sencia
426 1571 544 1591 eorum
563 1573 623 1592 seu
640 1573 759 1593 eorum
785 1563 938 1601 alterius,
955 1566 1031 1601 etc,
1050 1564 1085 1593 in
1109 1564 1231 1594 eadem
1253 1563 1393 1603 Capella
1415 1564 1486 1594 sive
1505 1564 1675 1603 Oratorio,

291 1604 419 1644 absque
435 1606 627 1646 prejudicio
644 1607 756 1638 alieno
769 1621 776 1645 3
801 1607 846 1638 ad
861 1607 1130 1648 beneplacitum,
1147 1610 1212 1639 etc.

138 1662 224 1721 ⁴23¹·
242 1664 426 1714 Clyst-St.
450 1665 623 1704 Michael
638 1680 647 1713 3
679 1668 1036 1716 Testamenlary,—

187 1717 192 1722 '
248 1719 349 1757 Item,
366 1720 506 1759 ibidem,
523 1722 635 1761 primo
659 1723 714 1752 die
735 1723 865 1753 mensis
885 1723 1025 1762 Aprilis,
1043 1723 1213 1753 Dominus
1236 1723 1360 1753 Petrus
1385 1723 1529 1763 Thomy,
1548 1724 1676 1754 Rector

292 1764 449 1795 Ecclesie
468 1766 510 1796 de
536 1766 780 1797 Gosebradone
802 1765 1013 1806 [somerset]
1031 1768 1227 1807 comparuit
1247 1777 1363 1798 coram
1389 1768 1557 1806 Magistro
1580 1768 1673 1798 Will-

293 1808 383 1838 ehno
402 1809 507 1847 Piers,
526 1810 740 1840 Cancellario
762 1814 797 1841 et
820 1811 1067 1841 Commissario
1088 1812 1239 1849 Domini,
1257 1815 1292 1841 et
1314 1811 1494 1841 fatebatur
1511 1822 1546 1842 se
1563 1813 1674 1842 teneri

295 1852 330 1881 in
355 1856 504 1891 quatuor
525 1855 652 1885 marcis
680 1855 828 1885 Domino
850 1855 1021 1886 willelmo
1038 1855 1172 1893 lVarde,
1197 1855 1334 1885 Rectori
1362 1856 1403 1885 de
1432 1855 1529 1895 Clyst
1556 1856 1675 1886 Sancti

296 1896 475 1927 Michaelis
488 1898 570 1927 (lum
584 1899 680 1935 vixit,
696 1899 767 1938 jam
786 1899 829 1928 ab
840 1899 1009 1929 intestato
1027 1899 1202 1936 defuncto,
1215 1902 1250 1929 et
1262 1900 1363 1938 petiit
1378 1910 1412 1929 se
1425 1900 1673 1939 condempnari

294 1939 329 1969 in
341 1940 472 1971 eisdem
489 1944 638 1980 quatuor
654 1943 791 1979 marcis,
810 1943 844 1972 in
863 1943 987 1982 quibus
1003 1953 1065 1982 per
1082 1944 1212 1974 (lictum
1225 1944 1509 1974 Commissarium
1525 1945 1674 1975 Domino

295 1983 425 2014 Thome
444 1985 672 2025 Stayndrope,
689 1987 829 2017 nomine
852 1987 935 2017 dicti
959 1987 1126 2025 defuncti,
1144 1997 1206 2027 per
1229 1997 1327 2017 suam
1345 1991 1574 2027 spontaneam
1593 1999 1672 2019 con-

295 2027 482 2058 fessionem
501 2030 665 2060 extiterat
682 2031 968 2069 condempnatus.
1008 2031 1144 2069 Postea,
1155 2032 1284 2061 eisdem
1299 2032 1353 2061 dic
1365 2034 1399 2061 et
1410 2032 1494 2069 loco,
1506 2032 1676 2063 Dominus

296 2073 466 2103 concessit
491 2073 557 2103 sibi
579 2075 669 2113 quod
693 2074 821 2104 dictam
843 2085 1015 2105 summam
1038 2075 1183 2114 pecunie
1205 2076 1364 2105 terminis
1384 2076 1588 2115 subscriptis
1611 2077 1674 2107 sol-

296 2119 413 2153 veret;
432 2117 603 2153 videlicet,
616 2118 651 2147 in
671 2119 782 2148 Festis
800 2119 1022 2149 Invencionis
1041 2119 1166 2149 Sancte
1185 2120 1314 2152 Crucis,
1333 2120 1537 2151 Nativitatis
1556 2121 1674 2151 Sancti

295 2160 464 2190 Johannis
483 2161 651 2201 Baptiste,
678 2162 797 2192 Sancti
820 2163 1007 2200 Michaelis,
1026 2166 1059 2193 et
1083 2164 1219 2193 Natalis
1241 2164 1390 2201 Domini,
1408 2165 1564 2203 proximo
1581 2175 1675 2195 secu-

297 2205 385 2234 turis
402 2209 478 2244 post
496 2206 613 2235 datam
631 2206 731 2237 istius
748 2207 1093 2246 condempnacionis3
1116 2210 1151 2237 et
1167 2208 1299 2247 juravit
1316 2209 1357 2238 de
1376 2209 1539 2239 solvendo
1557 2209 1675 2249 hujus-

295 2249 388 2278 modi
409 2259 579 2279 summam
597 2260 659 2289 per
682 2251 821 2290 equales
842 2251 1032 2290 porciones,
1055 2252 1214 2283 terminis
1237 2252 1457 2292 supradictis,
1486 2256 1522 2283 et
1543 2254 1584 2283 de
1608 2264 1676 2284 nou

294 2293 514 2332 impediendo
530 2294 783 2333 execucionem,
800 2297 866 2326 etc.

249 2358 552 2409 Testamentary
569 2360 782 2406 ,Probae-io
800 2361 1033 2398 Testamenti
1047 2361 1246 2399 «Iohannis
1265 2361 1443 2407 Cobkam,
1462 2363 1676 2408 Militis,—

252 2414 373 2444 Tercio
398 2414 452 2444 die
478 2415 608 2445 mensis
635 2416 775 2455 Aprilis,
796 2416 935 2455 ibidem,
951 2417 1136 2456 probatum
1156 2417 1224 2447 fuit
1249 2417 1512 2448 Testamentum
1538 2419 1676 2449 Domini

296 2458 466 2489 ,Iohannis
489 2459 653 2497 (¹0b11a1n,
678 2460 809 2492 Militis.
837 2461 1005 2498 defuncti,
1031 2471 1145 2491 coram
1171 2462 1338 2499 Magistro
1361 2462 1532 2493 Willelmo
1571 2463 1676 2500 I'iers,

300 2502 514 2532 Cancellario
537 2505 571 2532 et
601 2503 847 2534 Conunissario
874 2505 1022 2539 Domini,
1043 2511 1119 2542 etc„
1137 2506 1171 2535 in
1194 2505 1258 2535 hae
1278 2508 1377 2545 parte
1400 2507 1598 2546 specialiter
1619 2507 1675 2537 de-

299 2550 429 2585 putato,
448 2547 482 2576 in
503 2547 656 2577 Manerio
673 2548 828 2588 ejusdem
848 2549 962 2579 Patris
979 2549 1020 2579 de
1039 2550 1146 2588 Clyst,
1164 2552 1197 2579 et
1216 2559 1277 2588 pro
1294 2550 1413 2579 eodem
1433 2551 1586 2586 legitime
1601 2561 1675 2590 pro-

297 2591 512 2621 nunciatum.
561 2591 600 2620 111
616 2602 682 2631 (luo
699 2593 868 2622 nominati
881 2598 959 2622 sunt
980 2593 1190 2623 Executores
1202 2594 1350 2623 Domina
1363 2594 1542 2627 Katerina.
1557 2595 1677 2625 relicta

298 2634 381 2664 dicti
407 2634 575 2672 defuncti,
593 2639 627 2664 et
647 2635 840 2667 lVillelmus
861 2637 991 2673 Bcarc;
1020 2637 1087 2676 qui,
1105 2638 1254 2676 quidem,
1273 2638 1465 2668 Willelmus
1486 2639 1617 2678 juravit
1635 2640 1676 2669 de

298 2679 397 2709 fidolo
416 2679 657 2709 Inventarium
675 2681 888 2711 conficiendo
910 2681 952 2710 de
977 2681 1137 2711 omnibus
1159 2687 1191 2711 et
1217 2682 1362 2719 singulis
1385 2682 1485 2711 bonis
1501 2693 1566 2721 que
1584 2683 1674 2713 idem

298 2722 494 2760 defunctus,
512 2726 667 2762 tempore
685 2725 807 2754 mortis
824 2734 894 2761 sue,
912 2725 1063 2764 optinuit
1080 2725 1114 2754 in
1134 2725 1283 2755 Civitate
1301 2730 1335 2755 et
1353 2726 1487 2756 Diocesi
1506 2726 1676 2757 Exonien-

297 2767 403 2805 sibus,
420 2771 455 2797 et
472 2767 514 2797 ad
532 2767 763 2797 exhibendum
782 2768 867 2798 illud
887 2779 1002 2799 coram
1027 2769 1119 2799 dicto
1144 2769 1291 2799 Domino
1310 2769 1506 2808 Exoniensi,
1524 2781 1583 2800 seu
1601 2771 1677 2811 ejus

298 2810 562 2849 Commissariis,
575 2812 663 2841 eitra
675 2812 816 2842 Festum
835 2812 953 2843 Sancti
969 2813 1139 2843 Johannis
1160 2813 1318 2852 Baptiste
1335 2814 1492 2852 proximo
1505 2814 1674 2846 futurum.

299 2855 446 2895 Insuper
473 2856 657 2886 commissa
683 2856 751 2886 fuit
776 2859 931 2896 potestas
958 2857 1126 2896 Magistro
1156 2857 1198 2887 H.
1225 2857 1452 2897 Ilickelyngc,
1476 2859 1674 2889 Preccntori

299 2898 452 2930 Ecclesie
478 2899 692 2939 Exoniensis,
718 2900 763 2930 ad
791 2900 1047 2931 admittendum
1077 2901 1316 2942 juramentum
1344 2902 1480 2942 prefate
1508 2903 1674 2934 Katerinc
