<?xml version="1.0" encoding="UTF-8"?>
<!DOCTYPE html PUBLIC "-//W3C//DTD XHTML 1.0 Transitional//EN"
    "http://www.w3.org/TR/xhtml1/DTD/xhtml1-transitional.dtd">
<html xmlns="http://www.w3.org/1999/xhtml" xml:lang="en" lang="en">
 <head>
  <title>
</title>
<meta http-equiv="Content-Type" content="text/html;charset=utf-8" />
  <meta name='ocr-system' content='tesseract 3.04.00' />
  <meta name='ocr-capabilities' content='ocr_page ocr_carea ocr_par ocr_line ocrx_word'/>
</head>
<body>
  <div class='ocr_page' id='page_1' title='image "./registerofthomas02cathuoft_0127.png"; bbox 0 0 1907 3212; ppageno 0'>
   <div class='ocr_carea' id='block_1_1' title="bbox 130 426 227 521">
    <p class='ocr_par' dir='ltr' id='par_1_1' title="bbox 130 426 227 521">
     <span class='ocr_line' id='line_1_1' title="bbox 131 426 208 454; baseline 0.039 -3"><span class='ocrx_word' id='word_1_1' title='bbox 131 426 208 454; x_wconf 64' lang='lat' dir='ltr'>A„1).</span> 
     </span>
     <span class='ocr_line' id='line_1_2' title="bbox 130 461 205 488; baseline 0.04 -3"><span class='ocrx_word' id='word_1_2' title='bbox 130 461 205 488; x_wconf 81' lang='lat'><strong>1387.</strong></span> 
     </span>
     <span class='ocr_line' id='line_1_3' title="bbox 130 493 227 521; baseline 0.031 -3"><span class='ocrx_word' id='word_1_3' title='bbox 130 493 192 520; x_wconf 84' lang='lat' dir='ltr'>Vol.</span> <span class='ocrx_word' id='word_1_4' title='bbox 205 494 227 521; x_wconf 87' lang='lat'>1.</span> 
     </span>
    </p>
   </div>
   <div class='ocr_carea' id='block_1_2' title="bbox 126 945 204 1005">
    <p class='ocr_par' dir='ltr' id='par_1_2' title="bbox 126 945 204 1005">
     <span class='ocr_line' id='line_1_4' title="bbox 127 945 175 970; baseline -0.021 0"><span class='ocrx_word' id='word_1_5' title='bbox 127 945 175 970; x_wconf 77' lang='lat' dir='ltr'>fol.</span> 
     </span>
     <span class='ocr_line' id='line_1_5' title="bbox 126 977 204 1005; baseline 0.013 -1"><span class='ocrx_word' id='word_1_6' title='bbox 126 977 204 1005; x_wconf 63' lang='lat'><strong>1771).</strong></span> 
     </span>
    </p>
   </div>
   <div class='ocr_carea' id='block_1_3' title="bbox 454 316 1664 368">
    <p class='ocr_par' dir='ltr' id='par_1_3' title="bbox 454 316 1664 368">
     <span class='ocr_line' id='line_1_6' title="bbox 454 316 1664 368; baseline -0.003 -2"><span class='ocrx_word' id='word_1_7' title='bbox 454 333 738 368; x_wconf 80' lang='lat' dir='ltr'><strong>REGISTRUM</strong></span> <span class='ocrx_word' id='word_1_8' title='bbox 774 331 1226 367; x_wconf 79' lang='lat' dir='ltr'>COMMUNE—ANNO</span> <span class='ocrx_word' id='word_1_9' title='bbox 1265 321 1354 366; x_wconf 89' lang='lat'>18⁰.</span> <span class='ocrx_word' id='word_1_10' title='bbox 1570 316 1664 363; x_wconf 82' lang='grc'>647</span> 
     </span>
    </p>
   </div>
   <div class='ocr_carea' id='block_1_4' title="bbox 282 431 1666 871">
    <p class='ocr_par' dir='ltr' id='par_1_4' title="bbox 282 431 1666 871">
     <span class='ocr_line' id='line_1_7' title="bbox 289 431 1665 474; baseline -0.001 -11"><span class='ocrx_word' id='word_1_11' title='bbox 289 432 425 464; x_wconf 79' lang='lat' dir='ltr'>diaconi</span> <span class='ocrx_word' id='word_1_12' title='bbox 436 435 584 474; x_wconf 77' lang='lat' dir='ltr'><strong>predicti</strong></span> <span class='ocrx_word' id='word_1_13' title='bbox 601 437 637 466; x_wconf 86' lang='lat' dir='ltr'>et</span> <span class='ocrx_word' id='word_1_14' title='bbox 651 445 771 466; x_wconf 88' lang='lat' dir='ltr'>eorum</span> <span class='ocrx_word' id='word_1_15' title='bbox 783 434 965 473; x_wconf 85' lang='lat' dir='ltr'>Officiales,</span> <span class='ocrx_word' id='word_1_16' title='bbox 975 434 1064 465; x_wconf 88' lang='lat' dir='ltr'>citra</span> <span class='ocrx_word' id='word_1_17' title='bbox 1075 433 1315 474; x_wconf 86' lang='lat' dir='ltr'>recepcionem</span> <span class='ocrx_word' id='word_1_18' title='bbox 1326 432 1410 463; x_wconf 89' lang='lat' dir='ltr'>dicti</span> <span class='ocrx_word' id='word_1_19' title='bbox 1422 431 1580 463; x_wconf 87' lang='lat' dir='ltr'>Mandati</span> <span class='ocrx_word' id='word_1_20' title='bbox 1589 441 1665 461; x_wconf 90' lang='lat' dir='ltr'>nos-</span> 
     </span>
     <span class='ocr_line' id='line_1_8' title="bbox 288 477 1665 518; baseline -0.001 -11"><span class='ocrx_word' id='word_1_21' title='bbox 288 477 345 515; x_wconf 88' lang='lat' dir='ltr'>tri,</span> <span class='ocrx_word' id='word_1_22' title='bbox 358 479 435 516; x_wconf 60' lang='lat' dir='ltr'>etc„</span> <span class='ocrx_word' id='word_1_23' title='bbox 444 479 696 510; x_wconf 88' lang='lat' dir='ltr'>Visitacionem</span> <span class='ocrx_word' id='word_1_24' title='bbox 708 489 805 510; x_wconf 88' lang='lat' dir='ltr'>suam</span> <span class='ocrx_word' id='word_1_25' title='bbox 817 478 1213 509; x_wconf 86' lang='lat' dir='ltr'>inArchidiaconatibus</span> <span class='ocrx_word' id='word_1_26' title='bbox 1223 477 1400 518; x_wconf 75' lang='lat' dir='ltr'><strong>predictis,</strong></span> <span class='ocrx_word' id='word_1_27' title='bbox 1409 479 1571 507; x_wconf 87' lang='lat' dir='ltr'>eteorum</span> <span class='ocrx_word' id='word_1_28' title='bbox 1585 485 1665 515; x_wconf 89' lang='lat' dir='ltr'>quo-</span> 
     </span>
     <span class='ocr_line' id='line_1_9' title="bbox 287 519 1665 563; baseline -0.001 -13"><span class='ocrx_word' id='word_1_29' title='bbox 287 520 382 560; x_wconf 89' lang='lat' dir='ltr'>libet,</span> <span class='ocrx_word' id='word_1_30' title='bbox 400 533 590 561; x_wconf 80' lang='lat' dir='ltr'>excercere,</span> <span class='ocrx_word' id='word_1_31' title='bbox 608 533 648 554; x_wconf 91' lang='lat' dir='ltr'>ac</span> <span class='ocrx_word' id='word_1_32' title='bbox 666 523 828 563; x_wconf 79' lang='lat' dir='ltr'>Capitula</span> <span class='ocrx_word' id='word_1_33' title='bbox 844 523 1019 553; x_wconf 87' lang='lat' dir='ltr'>celebrare</span> <span class='ocrx_word' id='word_1_34' title='bbox 1033 537 1041 560; x_wconf 87' lang='lat'>;</span> <span class='ocrx_word' id='word_1_35' title='bbox 1065 532 1210 560; x_wconf 81' lang='lat' dir='ltr'>necnon,</span> <span class='ocrx_word' id='word_1_36' title='bbox 1234 522 1271 552; x_wconf 91' lang='lat' dir='ltr'>in</span> <span class='ocrx_word' id='word_1_37' title='bbox 1295 521 1441 561; x_wconf 83' lang='lat' dir='ltr'>singulis</span> <span class='ocrx_word' id='word_1_38' title='bbox 1457 520 1580 558; x_wconf 86' lang='lat' dir='ltr'>causis,</span> <span class='ocrx_word' id='word_1_39' title='bbox 1597 519 1665 549; x_wconf 90' lang='lat' dir='ltr'>liti-</span> 
     </span>
     <span class='ocr_line' id='line_1_10' title="bbox 284 562 1665 607; baseline -0.001 -13"><span class='ocrx_word' id='word_1_40' title='bbox 284 564 359 604; x_wconf 89' lang='lat' dir='ltr'>bus,</span> <span class='ocrx_word' id='word_1_41' title='bbox 377 568 413 596; x_wconf 90' lang='lat' dir='ltr'>et</span> <span class='ocrx_word' id='word_1_42' title='bbox 428 567 582 606; x_wconf 76' lang='lat' dir='ltr'>negociis</span> <span class='ocrx_word' id='word_1_43' title='bbox 598 568 785 607; x_wconf 82' lang='lat' dir='ltr'>procedere</span> <span class='ocrx_word' id='word_1_44' title='bbox 802 570 837 597; x_wconf 89' lang='lat' dir='ltr'>et</span> <span class='ocrx_word' id='word_1_45' title='bbox 854 576 1060 606; x_wconf 80' lang='lat' dir='ltr'>cognoscere</span> <span class='ocrx_word' id='word_1_46' title='bbox 1077 576 1185 606; x_wconf 85' lang='lat' dir='ltr'>eaque</span> <span class='ocrx_word' id='word_1_47' title='bbox 1201 566 1392 596; x_wconf 88' lang='lat' dir='ltr'>terminare</span> <span class='ocrx_word' id='word_1_48' title='bbox 1408 564 1546 595; x_wconf 86' lang='lat' dir='ltr'>noviter</span> <span class='ocrx_word' id='word_1_49' title='bbox 1562 562 1665 594; x_wconf 89' lang='lat' dir='ltr'>desti-</span> 
     </span>
     <span class='ocr_line' id='line_1_11' title="bbox 284 607 1666 651; baseline -0.001 -12"><span class='ocrx_word' id='word_1_50' title='bbox 284 612 432 648; x_wconf 77' lang='lat' dir='ltr'>namnt;</span> <span class='ocrx_word' id='word_1_51' title='bbox 462 620 566 651; x_wconf 91' lang='lat' dir='ltr'>super</span> <span class='ocrx_word' id='word_1_52' title='bbox 589 611 713 651; x_wconf 86' lang='lat' dir='ltr'>quibus</span> <span class='ocrx_word' id='word_1_53' title='bbox 730 611 866 641; x_wconf 88' lang='lat' dir='ltr'>Literas</span> <span class='ocrx_word' id='word_1_54' title='bbox 882 611 1061 641; x_wconf 84' lang='lat' dir='ltr'>faciendas</span> <span class='ocrx_word' id='word_1_55' title='bbox 1077 612 1113 640; x_wconf 88' lang='lat' dir='ltr'>et</span> <span class='ocrx_word' id='word_1_56' title='bbox 1131 610 1297 640; x_wconf 80' lang='lat' dir='ltr'>Mandata</span> <span class='ocrx_word' id='word_1_57' title='bbox 1314 619 1376 640; x_wconf 86' lang='lat' dir='ltr'>sua</span> <span class='ocrx_word' id='word_1_58' title='bbox 1393 608 1542 639; x_wconf 89' lang='lat' dir='ltr'>Decanis</span> <span class='ocrx_word' id='word_1_59' title='bbox 1558 607 1666 638; x_wconf 83' lang='lat' dir='ltr'>Rura-</span> 
     </span>
     <span class='ocr_line' id='line_1_12' title="bbox 283 651 1666 694; baseline -0.001 -12"><span class='ocrx_word' id='word_1_60' title='bbox 283 652 374 684; x_wconf 88' lang='lat' dir='ltr'>libus</span> <span class='ocrx_word' id='word_1_61' title='bbox 396 654 753 686; x_wconf 81' lang='lat' dir='ltr'>Archidiaconatuum</span> <span class='ocrx_word' id='word_1_62' title='bbox 770 655 1008 694; x_wconf 87' lang='lat' dir='ltr'>predictorum</span> <span class='ocrx_word' id='word_1_63' title='bbox 1033 658 1166 685; x_wconf 88' lang='lat' dir='ltr'>temere</span> <span class='ocrx_word' id='word_1_64' title='bbox 1188 654 1400 691; x_wconf 84' lang='lat' dir='ltr'>direxerunt,</span> <span class='ocrx_word' id='word_1_65' title='bbox 1426 653 1463 683; x_wconf 87' lang='lat' dir='ltr'>in</span> <span class='ocrx_word' id='word_1_66' title='bbox 1485 651 1598 682; x_wconf 78' lang='lat' dir='ltr'>nostri</span> <span class='ocrx_word' id='word_1_67' title='bbox 1625 660 1666 681; x_wconf 87' lang='lat' dir='ltr'>ac</span> 
     </span>
     <span class='ocr_line' id='line_1_13' title="bbox 283 696 1666 738; baseline -0.001 -12"><span class='ocrx_word' id='word_1_68' title='bbox 283 696 547 730; x_wconf 83' lang='lat' dir='ltr'>Jurisdiccionis</span> <span class='ocrx_word' id='word_1_69' title='bbox 564 702 682 729; x_wconf 84' lang='lat' dir='ltr'>nostre</span> <span class='ocrx_word' id='word_1_70' title='bbox 699 701 950 738; x_wconf 83' lang='lat' dir='ltr'>contemptum,</span> <span class='ocrx_word' id='word_1_71' title='bbox 966 698 1259 738; x_wconf 89' lang='lat' dir='ltr'>Visitacionisque</span> <span class='ocrx_word' id='word_1_72' title='bbox 1283 700 1402 728; x_wconf 88' lang='lat' dir='ltr'>nostre</span> <span class='ocrx_word' id='word_1_73' title='bbox 1418 696 1574 737; x_wconf 77' lang='lat' dir='ltr'>predicte</span> <span class='ocrx_word' id='word_1_74' title='bbox 1590 704 1666 736; x_wconf 87' lang='lat' dir='ltr'>pre-</span> 
     </span>
     <span class='ocr_line' id='line_1_14' title="bbox 284 739 1666 780; baseline -0.001 -10"><span class='ocrx_word' id='word_1_75' title='bbox 284 740 454 780; x_wconf 81' lang='lat' dir='ltr'>judicium</span> <span class='ocrx_word' id='word_1_76' title='bbox 486 743 866 773; x_wconf 80' lang='lat' dir='ltr'>manifestum.’&#39;—The</span> <span class='ocrx_word' id='word_1_77' title='bbox 899 742 1163 773; x_wconf 88' lang='lat' dir='ltr'>Commissaries</span> <span class='ocrx_word' id='word_1_78' title='bbox 1194 751 1285 772; x_wconf 86' lang='lat' dir='ltr'>were</span> <span class='ocrx_word' id='word_1_79' title='bbox 1316 744 1353 772; x_wconf 92' lang='lat' dir='ltr'>to</span> <span class='ocrx_word' id='word_1_80' title='bbox 1384 741 1462 771; x_wconf 88' lang='lat' dir='ltr'>deal</span> <span class='ocrx_word' id='word_1_81' title='bbox 1492 740 1578 770; x_wconf 81' lang='lat' dir='ltr'>with</span> <span class='ocrx_word' id='word_1_82' title='bbox 1606 739 1666 769; x_wconf 86' lang='lat' dir='ltr'>the</span> 
     </span>
     <span class='ocr_line' id='line_1_15' title="bbox 282 783 1664 826; baseline -0.001 -12"><span class='ocrx_word' id='word_1_83' title='bbox 282 784 528 817; x_wconf 84' lang='lat' dir='ltr'>Archdeacons</span> <span class='ocrx_word' id='word_1_84' title='bbox 553 787 775 826; x_wconf 68' lang='lat' dir='ltr'>stringently,</span> <span class='ocrx_word' id='word_1_85' title='bbox 799 787 991 826; x_wconf 87' lang='lat' dir='ltr'>inhibiting</span> <span class='ocrx_word' id='word_1_86' title='bbox 1018 787 1126 824; x_wconf 81' lang='lat' dir='ltr'>them,</span> <span class='ocrx_word' id='word_1_87' title='bbox 1150 785 1263 816; x_wconf 89' lang='lat' dir='ltr'>under</span> <span class='ocrx_word' id='word_1_88' title='bbox 1285 785 1467 826; x_wconf 87' lang='lat' dir='ltr'>penalties,</span> <span class='ocrx_word' id='word_1_89' title='bbox 1492 783 1584 814; x_wconf 84' lang='lat' dir='ltr'>from</span> <span class='ocrx_word' id='word_1_90' title='bbox 1609 793 1664 813; x_wconf 81' lang='lat' dir='ltr'>ex-</span> 
     </span>
     <span class='ocr_line' id='line_1_16' title="bbox 283 827 1665 871; baseline -0.001 -12"><span class='ocrx_word' id='word_1_91' title='bbox 283 830 436 870; x_wconf 78' lang='lat' dir='ltr'>ercising</span> <span class='ocrx_word' id='word_1_92' title='bbox 462 831 555 861; x_wconf 88' lang='lat' dir='ltr'>their</span> <span class='ocrx_word' id='word_1_93' title='bbox 577 832 799 871; x_wconf 82' lang='lat' dir='ltr'>jurisdiction</span> <span class='ocrx_word' id='word_1_94' title='bbox 822 831 877 861; x_wconf 88' lang='lat' dir='ltr'>till</span> <span class='ocrx_word' id='word_1_95' title='bbox 901 830 960 861; x_wconf 89' lang='lat' dir='ltr'>the</span> <span class='ocrx_word' id='word_1_96' title='bbox 988 830 1118 870; x_wconf 84' lang='lat' dir='ltr'>Bishop</span> <span class='ocrx_word' id='word_1_97' title='bbox 1143 830 1213 860; x_wconf 88' lang='lat' dir='ltr'>had</span> <span class='ocrx_word' id='word_1_98' title='bbox 1241 829 1436 869; x_wconf 88' lang='lat' dir='ltr'>completed</span> <span class='ocrx_word' id='word_1_99' title='bbox 1459 829 1514 859; x_wconf 90' lang='lat' dir='ltr'>his</span> <span class='ocrx_word' id='word_1_100' title='bbox 1537 827 1665 858; x_wconf 87' lang='lat' dir='ltr'>Visita-</span> 
     </span>
    </p>
   </div>
   <div class='ocr_carea' id='block_1_5' title="bbox 281 872 615 915">
    <p class='ocr_par' dir='ltr' id='par_1_5' title="bbox 281 872 615 915">
     <span class='ocr_line' id='line_1_17' title="bbox 281 872 615 915; baseline 0.012 -13"><span class='ocrx_word' id='word_1_101' title='bbox 281 873 354 903; x_wconf 87' lang='lat' dir='ltr'>tion</span> <span class='ocrx_word' id='word_1_102' title='bbox 376 872 486 913; x_wconf 88' lang='lat' dir='ltr'>(same</span> <span class='ocrx_word' id='word_1_103' title='bbox 504 874 615 915; x_wconf 88' lang='lat' dir='ltr'>date).</span> 
     </span>
    </p>
   </div>
   <div class='ocr_carea' id='block_1_6' title="bbox 237 947 1666 1003">
    <p class='ocr_par' dir='ltr' id='par_1_6' title="bbox 237 947 1666 1003">
     <span class='ocr_line' id='line_1_18' title="bbox 237 947 1666 1003; baseline 0 -19"><span class='ocrx_word' id='word_1_104' title='bbox 237 947 483 999; x_wconf 85' lang='lat' dir='ltr'>Georgeham</span> <span class='ocrx_word' id='word_1_105' title='bbox 504 950 695 1003; x_wconf 69' lang='lat' dir='ltr'>[Hammo</span> <span class='ocrx_word' id='word_1_106' title='bbox 711 951 849 988; x_wconf 86' lang='lat' dir='ltr'>Sancti</span> <span class='ocrx_word' id='word_1_107' title='bbox 864 950 1034 1000; x_wconf 85' lang='lat' dir='ltr'>Georgii,</span> <span class='ocrx_word' id='word_1_108' title='bbox 1051 947 1152 1002; x_wconf 65' lang='lat' dir='ltr'>MS]</span> <span class='ocrx_word' id='word_1_109' title='bbox 1172 963 1181 996; x_wconf 82' lang='lat'>3</span> <span class='ocrx_word' id='word_1_110' title='bbox 1201 949 1265 987; x_wconf 83' lang='lat' dir='ltr'>Sir</span> <span class='ocrx_word' id='word_1_111' title='bbox 1280 948 1387 986; x_wconf 83' lang='lat' dir='ltr'>John</span> <span class='ocrx_word' id='word_1_112' title='bbox 1407 950 1527 998; x_wconf 89' lang='lat' dir='ltr'>Hope,</span> <span class='ocrx_word' id='word_1_113' title='bbox 1546 948 1666 992; x_wconf 63' lang='lat' dir='ltr'>R„—</span> 
     </span>
    </p>
   </div>
   <div class='ocr_carea' id='block_1_7' title="bbox 238 1002 1347 1046">
    <p class='ocr_par' dir='ltr' id='par_1_7' title="bbox 238 1002 1347 1046">
     <span class='ocr_line' id='line_1_19' title="bbox 238 1002 1347 1046; baseline 0.002 -13"><span class='ocrx_word' id='word_1_114' title='bbox 238 1002 383 1035; x_wconf 88' lang='lat' dir='ltr'>Licence</span> <span class='ocrx_word' id='word_1_115' title='bbox 400 1005 438 1036; x_wconf 82' lang='lat' dir='ltr'>of</span> <span class='ocrx_word' id='word_1_116' title='bbox 453 1007 719 1037; x_wconf 85' lang='lat' dir='ltr'>non-residence</span> <span class='ocrx_word' id='word_1_117' title='bbox 735 1006 792 1037; x_wconf 88' lang='lat' dir='ltr'>for</span> <span class='ocrx_word' id='word_1_118' title='bbox 807 1008 877 1036; x_wconf 86' lang='lat' dir='ltr'>two</span> <span class='ocrx_word' id='word_1_119' title='bbox 893 1015 996 1046; x_wconf 81' lang='lat' dir='ltr'>years</span> <span class='ocrx_word' id='word_1_120' title='bbox 1016 1003 1142 1046; x_wconf 83' lang='lat' dir='ltr'>(Clyst,</span> <span class='ocrx_word' id='word_1_121' title='bbox 1160 1005 1204 1035; x_wconf 85' lang='lat'>28</span> <span class='ocrx_word' id='word_1_122' title='bbox 1221 1002 1347 1045; x_wconf 66' lang='lat' dir='ltr'>Sept).</span> 
     </span>
    </p>
   </div>
   <div class='ocr_carea' id='block_1_8' title="bbox 235 1078 1496 1176">
    <p class='ocr_par' dir='ltr' id='par_1_8' title="bbox 235 1078 1496 1176">
     <span class='ocr_line' id='line_1_20' title="bbox 237 1078 698 1132; baseline 0.004 -17"><span class='ocrx_word' id='word_1_123' title='bbox 237 1078 698 1132; x_wconf 82' lang='lat' dir='ltr'>Letters-Dimissory,—</span> 
     </span>
     <span class='ocr_line' id='line_1_21' title="bbox 235 1131 1496 1176; baseline 0.001 -12"><span class='ocrx_word' id='word_1_124' title='bbox 235 1133 371 1165; x_wconf 84' lang='lat' dir='ltr'>—John</span> <span class='ocrx_word' id='word_1_125' title='bbox 390 1135 494 1175; x_wconf 78' lang='lat' dir='ltr'>Rede,</span> <span class='ocrx_word' id='word_1_126' title='bbox 512 1137 667 1175; x_wconf 85' lang='lat' dir='ltr'>accolite,</span> <span class='ocrx_word' id='word_1_127' title='bbox 686 1136 761 1167; x_wconf 86' lang='lat' dir='ltr'>“ad</span> <span class='ocrx_word' id='word_1_128' title='bbox 777 1146 898 1167; x_wconf 90' lang='lat' dir='ltr'>omnes</span> <span class='ocrx_word' id='word_1_129' title='bbox 916 1135 1039 1167; x_wconf 78' lang='lat' dir='ltr'>Sacros</span> <span class='ocrx_word' id='word_1_130' title='bbox 1056 1135 1205 1167; x_wconf 86' lang='lat' dir='ltr'>Ordines</span> <span class='ocrx_word' id='word_1_131' title='bbox 1218 1133 1236 1149; x_wconf 85' lang='lat'>&#39;&#39;</span> <span class='ocrx_word' id='word_1_132' title='bbox 1256 1132 1369 1176; x_wconf 87' lang='lat' dir='ltr'>(same</span> <span class='ocrx_word' id='word_1_133' title='bbox 1385 1131 1496 1175; x_wconf 83' lang='lat' dir='ltr'>date).</span> 
     </span>
    </p>
   </div>
   <div class='ocr_carea' id='block_1_9' title="bbox 236 1208 1663 1481">
    <p class='ocr_par' dir='ltr' id='par_1_9' title="bbox 236 1208 972 1258">
     <span class='ocr_line' id='line_1_22' title="bbox 236 1208 972 1258; baseline 0.004 -13"><span class='ocrx_word' id='word_1_134' title='bbox 236 1208 438 1247; x_wconf 88' lang='lat' dir='ltr'>Exmouth</span> <span class='ocrx_word' id='word_1_135' title='bbox 455 1225 465 1258; x_wconf 80' lang='lat'><em>3</em></span> <span class='ocrx_word' id='word_1_136' title='bbox 495 1212 655 1249; x_wconf 78' lang='lat' dir='ltr'>Licence</span> <span class='ocrx_word' id='word_1_137' title='bbox 676 1218 711 1249; x_wconf 80' lang='lat' dir='ltr'>to</span> <span class='ocrx_word' id='word_1_138' title='bbox 726 1211 972 1256; x_wconf 71' lang='lat' dir='ltr'>celebrate,-</span> 
     </span>
    </p>

    <p class='ocr_par' dir='ltr' id='par_1_10' title="bbox 238 1263 1663 1481">
     <span class='ocr_line' id='line_1_23' title="bbox 238 1263 1662 1306; baseline 0.001 -13"><span class='ocrx_word' id='word_1_139' title='bbox 238 1263 338 1302; x_wconf 86' lang='lat' dir='ltr'>Item,</span> <span class='ocrx_word' id='word_1_140' title='bbox 357 1266 495 1304; x_wconf 87' lang='lat' dir='ltr'>ibidem,</span> <span class='ocrx_word' id='word_1_141' title='bbox 514 1268 593 1297; x_wconf 83' lang='lat' dir='ltr'>xxix</span> <span class='ocrx_word' id='word_1_142' title='bbox 610 1267 665 1297; x_wconf 87' lang='lat' dir='ltr'>die</span> <span class='ocrx_word' id='word_1_143' title='bbox 683 1267 766 1298; x_wconf 87' lang='lat' dir='ltr'>dicti</span> <span class='ocrx_word' id='word_1_144' title='bbox 783 1267 914 1297; x_wconf 84' lang='lat' dir='ltr'>mensis</span> <span class='ocrx_word' id='word_1_145' title='bbox 931 1266 1157 1306; x_wconf 74' lang='lat' dir='ltr'>Septembris,</span> <span class='ocrx_word' id='word_1_146' title='bbox 1175 1265 1345 1296; x_wconf 79' lang='lat' dir='ltr'>Dominus</span> <span class='ocrx_word' id='word_1_147' title='bbox 1356 1265 1529 1296; x_wconf 88' lang='lat' dir='ltr'>concessit</span> <span class='ocrx_word' id='word_1_148' title='bbox 1543 1265 1662 1296; x_wconf 87' lang='lat' dir='ltr'>Licen-</span> 
     </span>
     <span class='ocr_line' id='line_1_24' title="bbox 282 1309 1663 1351; baseline 0.001 -13"><span class='ocrx_word' id='word_1_149' title='bbox 282 1309 371 1339; x_wconf 84' lang='lat' dir='ltr'>ciam</span> <span class='ocrx_word' id='word_1_150' title='bbox 384 1310 405 1340; x_wconf 87' lang='lat' dir='ltr'><strong>J</strong></span> <span class='ocrx_word' id='word_1_151' title='bbox 408 1311 535 1341; x_wconf 80' lang='lat' dir='ltr'>ohanni</span> <span class='ocrx_word' id='word_1_152' title='bbox 548 1312 738 1351; x_wconf 83' lang='lat' dir='ltr'>Faireway,</span> <span class='ocrx_word' id='word_1_153' title='bbox 750 1311 887 1341; x_wconf 88' lang='lat' dir='ltr'>Matildi</span> <span class='ocrx_word' id='word_1_154' title='bbox 905 1310 981 1351; x_wconf 86' lang='lat' dir='ltr'>ejus</span> <span class='ocrx_word' id='word_1_155' title='bbox 997 1310 1106 1348; x_wconf 83' lang='lat' dir='ltr'>uxori,</span> <span class='ocrx_word' id='word_1_156' title='bbox 1123 1310 1143 1340; x_wconf 86' lang='lat' dir='ltr'><strong>J</strong></span> <span class='ocrx_word' id='word_1_157' title='bbox 1147 1310 1276 1340; x_wconf 89' lang='lat' dir='ltr'>ohanni</span> <span class='ocrx_word' id='word_1_158' title='bbox 1293 1309 1397 1347; x_wconf 88' lang='lat' dir='ltr'>Lode,</span> <span class='ocrx_word' id='word_1_159' title='bbox 1416 1309 1569 1340; x_wconf 87' lang='lat' dir='ltr'>Beatrici</span> <span class='ocrx_word' id='word_1_160' title='bbox 1586 1309 1663 1350; x_wconf 88' lang='lat' dir='ltr'>ejus</span> 
     </span>
     <span class='ocr_line' id='line_1_25' title="bbox 281 1353 1663 1395; baseline 0.001 -13"><span class='ocrx_word' id='word_1_161' title='bbox 281 1354 390 1391; x_wconf 83' lang='lat' dir='ltr'>uxori,</span> <span class='ocrx_word' id='word_1_162' title='bbox 416 1355 568 1385; x_wconf 84' lang='lat' dir='ltr'>Johanni</span> <span class='ocrx_word' id='word_1_163' title='bbox 598 1355 851 1395; x_wconf 84' lang='lat' dir='ltr'>Bradenynche</span> <span class='ocrx_word' id='word_1_164' title='bbox 870 1356 906 1385; x_wconf 91' lang='lat' dir='ltr'>et</span> <span class='ocrx_word' id='word_1_165' title='bbox 924 1355 1036 1385; x_wconf 90' lang='lat' dir='ltr'>Alicie</span> <span class='ocrx_word' id='word_1_166' title='bbox 1062 1354 1138 1395; x_wconf 88' lang='lat' dir='ltr'>ejus</span> <span class='ocrx_word' id='word_1_167' title='bbox 1154 1354 1263 1393; x_wconf 79' lang='lat' dir='ltr'>uxori,</span> <span class='ocrx_word' id='word_1_168' title='bbox 1288 1354 1380 1393; x_wconf 90' lang='lat' dir='ltr'>quod</span> <span class='ocrx_word' id='word_1_169' title='bbox 1396 1353 1531 1394; x_wconf 82' lang='lat' dir='ltr'>possint</span> <span class='ocrx_word' id='word_1_170' title='bbox 1546 1353 1663 1384; x_wconf 83' lang='lat' dir='ltr'>facere</span> 
     </span>
     <span class='ocr_line' id='line_1_26' title="bbox 280 1397 1663 1438; baseline 0.001 -12"><span class='ocrx_word' id='word_1_171' title='bbox 280 1397 449 1428; x_wconf 85' lang='lat' dir='ltr'>celebrari</span> <span class='ocrx_word' id='word_1_172' title='bbox 478 1399 614 1437; x_wconf 84' lang='lat' dir='ltr'>Divina,</span> <span class='ocrx_word' id='word_1_173' title='bbox 644 1402 720 1437; x_wconf 91' lang='lat' dir='ltr'>etc.,</span> <span class='ocrx_word' id='word_1_174' title='bbox 747 1399 782 1429; x_wconf 91' lang='lat' dir='ltr'>in</span> <span class='ocrx_word' id='word_1_175' title='bbox 807 1399 989 1438; x_wconf 86' lang='lat' dir='ltr'>presencia</span> <span class='ocrx_word' id='word_1_176' title='bbox 1022 1398 1177 1438; x_wconf 88' lang='lat' dir='ltr'>ipsorum</span> <span class='ocrx_word' id='word_1_177' title='bbox 1205 1408 1266 1428; x_wconf 90' lang='lat' dir='ltr'>seu</span> <span class='ocrx_word' id='word_1_178' title='bbox 1293 1407 1414 1428; x_wconf 88' lang='lat' dir='ltr'>eorum</span> <span class='ocrx_word' id='word_1_179' title='bbox 1440 1397 1598 1437; x_wconf 87' lang='lat' dir='ltr'>alicujus,</span> <span class='ocrx_word' id='word_1_180' title='bbox 1626 1397 1663 1428; x_wconf 88' lang='lat' dir='ltr'>in</span> 
     </span>
     <span class='ocr_line' id='line_1_27' title="bbox 282 1439 1663 1481; baseline 0.001 -11"><span class='ocrx_word' id='word_1_181' title='bbox 282 1439 424 1480; x_wconf 84' lang='lat' dir='ltr'>Capella</span> <span class='ocrx_word' id='word_1_182' title='bbox 441 1442 560 1473; x_wconf 84' lang='lat' dir='ltr'>Sancti</span> <span class='ocrx_word' id='word_1_183' title='bbox 579 1443 769 1473; x_wconf 80' lang='lat' dir='ltr'>Salvatoris</span> <span class='ocrx_word' id='word_1_184' title='bbox 785 1443 828 1473; x_wconf 91' lang='lat' dir='ltr'>de</span> <span class='ocrx_word' id='word_1_185' title='bbox 846 1442 1072 1481; x_wconf 85' lang='lat' dir='ltr'>Exemouthe,</span> <span class='ocrx_word' id='word_1_186' title='bbox 1097 1441 1192 1472; x_wconf 84' lang='lat' dir='ltr'>infra</span> <span class='ocrx_word' id='word_1_187' title='bbox 1207 1441 1414 1472; x_wconf 85' lang='lat' dir='ltr'>Parochiam</span> <span class='ocrx_word' id='word_1_188' title='bbox 1431 1442 1473 1472; x_wconf 89' lang='lat' dir='ltr'>de</span> <span class='ocrx_word' id='word_1_189' title='bbox 1491 1441 1663 1472; x_wconf 88' lang='lat' dir='ltr'>Litelham</span> 
     </span>
    </p>
   </div>
   <div class='ocr_carea' id='block_1_10' title="bbox 280 1484 872 1527">
    <p class='ocr_par' dir='ltr' id='par_1_11' title="bbox 280 1484 872 1527">
     <span class='ocr_line' id='line_1_28' title="bbox 280 1484 872 1527; baseline 0.007 -13"><span class='ocrx_word' id='word_1_190' title='bbox 280 1484 432 1524; x_wconf 84' lang='lat' dir='ltr'>situata3</span> <span class='ocrx_word' id='word_1_191' title='bbox 457 1487 502 1517; x_wconf 90' lang='lat' dir='ltr'>ad</span> <span class='ocrx_word' id='word_1_192' title='bbox 519 1487 789 1527; x_wconf 88' lang='lat' dir='ltr'>beneplacitum,</span> <span class='ocrx_word' id='word_1_193' title='bbox 806 1489 872 1518; x_wconf 83' lang='lat' dir='ltr'>etc.</span> 
     </span>
    </p>
   </div>
   <div class='ocr_carea' id='block_1_11' title="bbox 238 1549 1664 1736">
    <p class='ocr_par' dir='ltr' id='par_1_12' title="bbox 238 1549 882 1598">
     <span class='ocr_line' id='line_1_29' title="bbox 238 1549 882 1598; baseline 0.006 -13"><span class='ocrx_word' id='word_1_194' title='bbox 238 1549 464 1589; x_wconf 88' lang='lat' dir='ltr'>Lawhitton</span> <span class='ocrx_word' id='word_1_195' title='bbox 481 1565 491 1598; x_wconf 88' lang='lat'>;</span> <span class='ocrx_word' id='word_1_196' title='bbox 519 1552 882 1597; x_wconf 71' lang='lat' dir='ltr'>Penitenciaria‚-—</span> 
     </span>
    </p>

    <p class='ocr_par' dir='ltr' id='par_1_13' title="bbox 238 1603 1664 1736">
     <span class='ocr_line' id='line_1_30' title="bbox 238 1603 1663 1647; baseline 0.002 -14"><span class='ocrx_word' id='word_1_197' title='bbox 238 1603 341 1644; x_wconf 87' lang='lat' dir='ltr'>Item,</span> <span class='ocrx_word' id='word_1_198' title='bbox 359 1607 462 1637; x_wconf 80' lang='lat' dir='ltr'>dietis</span> <span class='ocrx_word' id='word_1_199' title='bbox 479 1608 534 1638; x_wconf 91' lang='lat' dir='ltr'>die</span> <span class='ocrx_word' id='word_1_200' title='bbox 551 1610 587 1638; x_wconf 89' lang='lat' dir='ltr'>et</span> <span class='ocrx_word' id='word_1_201' title='bbox 602 1608 687 1646; x_wconf 88' lang='lat' dir='ltr'>loco,</span> <span class='ocrx_word' id='word_1_202' title='bbox 706 1607 876 1638; x_wconf 84' lang='lat' dir='ltr'>Dominus</span> <span class='ocrx_word' id='word_1_203' title='bbox 902 1605 1106 1647; x_wconf 83' lang='lat' dir='ltr'>[concessit]</span> <span class='ocrx_word' id='word_1_204' title='bbox 1133 1606 1331 1637; x_wconf 90' lang='lat' dir='ltr'>Licenciam</span> <span class='ocrx_word' id='word_1_205' title='bbox 1348 1606 1498 1637; x_wconf 90' lang='lat' dir='ltr'>Domino</span> <span class='ocrx_word' id='word_1_206' title='bbox 1515 1606 1663 1637; x_wconf 86' lang='lat' dir='ltr'>Ricardo</span> 
     </span>
     <span class='ocr_line' id='line_1_31' title="bbox 282 1648 1664 1691; baseline 0.001 -12"><span class='ocrx_word' id='word_1_207' title='bbox 282 1648 486 1690; x_wconf 72' lang='lat' dir='ltr'>Weynman,</span> <span class='ocrx_word' id='word_1_208' title='bbox 502 1652 641 1683; x_wconf 89' lang='lat' dir='ltr'>Rectori</span> <span class='ocrx_word' id='word_1_209' title='bbox 655 1653 697 1683; x_wconf 90' lang='lat' dir='ltr'>de</span> <span class='ocrx_word' id='word_1_210' title='bbox 709 1652 939 1689; x_wconf 85' lang='lat' dir='ltr'>Lawhittone,</span> <span class='ocrx_word' id='word_1_211' title='bbox 954 1651 1045 1691; x_wconf 91' lang='lat' dir='ltr'>quod</span> <span class='ocrx_word' id='word_1_212' title='bbox 1058 1651 1168 1691; x_wconf 89' lang='lat' dir='ltr'>possit</span> <span class='ocrx_word' id='word_1_213' title='bbox 1181 1651 1309 1690; x_wconf 86' lang='lat' dir='ltr'>eligere</span> <span class='ocrx_word' id='word_1_214' title='bbox 1320 1651 1386 1682; x_wconf 90' lang='lat' dir='ltr'>sibi</span> <span class='ocrx_word' id='word_1_215' title='bbox 1398 1650 1641 1681; x_wconf 84' lang='lat' dir='ltr'>Confessorem</span> <span class='ocrx_word' id='word_1_216' title='bbox 1656 1664 1664 1688; x_wconf 68' lang='grc' dir='ltr'>ς</span> 
     </span>
     <span class='ocr_line' id='line_1_32' title="bbox 280 1695 1306 1736; baseline 0.002 -13"><span class='ocrx_word' id='word_1_217' title='bbox 280 1703 358 1724; x_wconf 89' lang='lat' dir='ltr'>cum</span> <span class='ocrx_word' id='word_1_218' title='bbox 377 1695 532 1726; x_wconf 84' lang='lat' dir='ltr'>clausula</span> <span class='ocrx_word' id='word_1_219' title='bbox 549 1706 653 1736; x_wconf 86' lang='lat' dir='ltr'>super</span> <span class='ocrx_word' id='word_1_220' title='bbox 668 1696 768 1734; x_wconf 83' lang='lat' dir='ltr'>votis,</span> <span class='ocrx_word' id='word_1_221' title='bbox 785 1698 850 1727; x_wconf 86' lang='lat' dir='ltr'>etc.</span> <span class='ocrx_word' id='word_1_222' title='bbox 860 1710 868 1733; x_wconf 85' lang='grc'><strong>;</strong></span> <span class='ocrx_word' id='word_1_223' title='bbox 893 1696 937 1726; x_wconf 87' lang='lat' dir='ltr'>ad</span> <span class='ocrx_word' id='word_1_224' title='bbox 953 1695 1223 1735; x_wconf 85' lang='lat' dir='ltr'>beneplacitum,</span> <span class='ocrx_word' id='word_1_225' title='bbox 1240 1698 1306 1725; x_wconf 88' lang='lat' dir='ltr'>etc.</span> 
     </span>
    </p>
   </div>
   <div class='ocr_carea' id='block_1_12' title="bbox 234 1756 1662 1913">
    <p class='ocr_par' dir='ltr' id='par_1_14' title="bbox 234 1756 1662 1913">
     <span class='ocr_line' id='line_1_33' title="bbox 234 1756 1662 1808; baseline 0.002 -15"><span class='ocrx_word' id='word_1_226' title='bbox 234 1756 442 1808; x_wconf 84' lang='lat' dir='ltr'>Episcopal</span> <span class='ocrx_word' id='word_1_227' title='bbox 471 1759 722 1807; x_wconf 83' lang='lat' dir='ltr'>Visitation3</span> <span class='ocrx_word' id='word_1_228' title='bbox 760 1759 866 1797; x_wconf 78' lang='lat' dir='ltr'>Nota</span> <span class='ocrx_word' id='word_1_229' title='bbox 903 1759 1184 1796; x_wconf 76' lang='lat' dir='ltr'>bene—contra</span> <span class='ocrx_word' id='word_1_230' title='bbox 1211 1758 1520 1796; x_wconf 74' lang='lat' dir='ltr'>Archidiaconos</span> <span class='ocrx_word' id='word_1_231' title='bbox 1557 1758 1662 1807; x_wconf 75' lang='lat' dir='ltr'>quic-</span> 
     </span>
     <span class='ocr_line' id='line_1_34' title="bbox 286 1812 1661 1862; baseline 0.001 -14"><span class='ocrx_word' id='word_1_232' title='bbox 286 1825 404 1859; x_wconf 80' lang='lat' dir='ltr'>quam</span> <span class='ocrx_word' id='word_1_233' title='bbox 432 1819 701 1862; x_wconf 74' lang='lat' dir='ltr'>attemptantes</span> <span class='ocrx_word' id='word_1_234' title='bbox 722 1814 909 1862; x_wconf 76' lang='lat' dir='ltr'>pendente</span> <span class='ocrx_word' id='word_1_235' title='bbox 946 1812 1181 1850; x_wconf 74' lang='lat' dir='ltr'>Visitacione</span> <span class='ocrx_word' id='word_1_236' title='bbox 1209 1812 1406 1861; x_wconf 75' lang='lat' dir='ltr'>Episcopi,</span> <span class='ocrx_word' id='word_1_237' title='bbox 1433 1818 1467 1849; x_wconf 71' lang='lat' dir='ltr'>et</span> <span class='ocrx_word' id='word_1_238' title='bbox 1495 1812 1661 1849; x_wconf 54' lang='lat' dir='ltr'>&lt;maxime</span> 
     </span>
     <span class='ocr_line' id='line_1_35' title="bbox 285 1865 644 1913; baseline 0.011 -12"><span class='ocrx_word' id='word_1_239' title='bbox 285 1865 402 1913; x_wconf 77' lang='lat' dir='ltr'>infra</span> <span class='ocrx_word' id='word_1_240' title='bbox 421 1881 644 1913; x_wconf 57' lang='lat' dir='ltr'>annum,-</span> 
     </span>
    </p>
   </div>
   <div class='ocr_carea' id='block_1_13' title="bbox 174 1918 1660 1960">
    <p class='ocr_par' dir='ltr' id='par_1_15' title="bbox 174 1918 1660 1960">
     <span class='ocr_line' id='line_1_36' title="bbox 174 1918 1660 1960; baseline 0.001 -11"><span class='ocrx_word' id='word_1_241' title='bbox 174 1929 182 1934; x_wconf 95' lang='lat'>·</span> <span class='ocrx_word' id='word_1_242' title='bbox 235 1918 396 1960; x_wconf 86' lang='lat' dir='ltr'>Thomas,</span> <span class='ocrx_word' id='word_1_243' title='bbox 413 1925 489 1960; x_wconf 63' lang='lat' dir='ltr'>etc„</span> <span class='ocrx_word' id='word_1_244' title='bbox 507 1923 665 1953; x_wconf 88' lang='lat' dir='ltr'>Dominis</span> <span class='ocrx_word' id='word_1_245' title='bbox 690 1922 857 1957; x_wconf 75' lang='lat' dir='ltr'>Gilberto,</span> <span class='ocrx_word' id='word_1_246' title='bbox 874 1921 985 1952; x_wconf 90' lang='lat' dir='ltr'>Priori</span> <span class='ocrx_word' id='word_1_247' title='bbox 1011 1920 1214 1951; x_wconf 88' lang='lat' dir='ltr'>Monasterii</span> <span class='ocrx_word' id='word_1_248' title='bbox 1239 1920 1359 1951; x_wconf 89' lang='lat' dir='ltr'>Sancti</span> <span class='ocrx_word' id='word_1_249' title='bbox 1383 1920 1554 1959; x_wconf 88' lang='lat' dir='ltr'>Nicholai,</span> <span class='ocrx_word' id='word_1_250' title='bbox 1572 1921 1660 1951; x_wconf 88' lang='lat' dir='ltr'>Civi-</span> 
     </span>
    </p>
   </div>
   <div class='ocr_carea' id='block_1_14' title="bbox 272 1964 1660 2929">
    <p class='ocr_par' dir='ltr' id='par_1_16' title="bbox 272 1964 1660 2929">
     <span class='ocr_line' id='line_1_37' title="bbox 279 1964 1660 2004; baseline 0.001 -10"><span class='ocrx_word' id='word_1_251' title='bbox 279 1965 364 1996; x_wconf 82' lang='lat' dir='ltr'>tatis</span> <span class='ocrx_word' id='word_1_252' title='bbox 391 1969 510 1997; x_wconf 88' lang='lat' dir='ltr'>nostre</span> <span class='ocrx_word' id='word_1_253' title='bbox 539 1966 753 2004; x_wconf 69' lang='lat' dir='ltr'>Exofflensis,</span> <span class='ocrx_word' id='word_1_254' title='bbox 782 1968 818 1996; x_wconf 89' lang='lat' dir='ltr'>et</span> <span class='ocrx_word' id='word_1_255' title='bbox 845 1965 1023 2003; x_wconf 87' lang='lat' dir='ltr'>Nicholao‚</span> <span class='ocrx_word' id='word_1_256' title='bbox 1051 1964 1191 1995; x_wconf 85' lang='lat' dir='ltr'>Rectori</span> <span class='ocrx_word' id='word_1_257' title='bbox 1223 1964 1377 1995; x_wconf 86' lang='lat' dir='ltr'>Ecclesie</span> <span class='ocrx_word' id='word_1_258' title='bbox 1409 1965 1517 1996; x_wconf 85' lang='lat' dir='ltr'>Beate</span> <span class='ocrx_word' id='word_1_259' title='bbox 1550 1964 1660 1996; x_wconf 85' lang='lat' dir='ltr'>Marie</span> 
     </span>
     <span class='ocr_line' id='line_1_38' title="bbox 280 2008 1659 2051; baseline 0.001 -12"><span class='ocrx_word' id='word_1_260' title='bbox 280 2009 432 2049; x_wconf 87' lang='lat' dir='ltr'>Majoris,</span> <span class='ocrx_word' id='word_1_261' title='bbox 456 2010 614 2051; x_wconf 88' lang='lat' dir='ltr'>ejusdem</span> <span class='ocrx_word' id='word_1_262' title='bbox 639 2010 820 2047; x_wconf 80' lang='lat' dir='ltr'>Civitatis3</span> <span class='ocrx_word' id='word_1_263' title='bbox 845 2019 990 2047; x_wconf 90' lang='lat' dir='ltr'>necnon,</span> <span class='ocrx_word' id='word_1_264' title='bbox 1008 2008 1178 2048; x_wconf 80' lang='lat' dir='ltr'>Magistro</span> <span class='ocrx_word' id='word_1_265' title='bbox 1201 2008 1353 2039; x_wconf 83' lang='lat' dir='ltr'>Johanni</span> <span class='ocrx_word' id='word_1_266' title='bbox 1377 2008 1573 2049; x_wconf 76' lang='lat' dir='ltr'>Twyforde,</span> <span class='ocrx_word' id='word_1_267' title='bbox 1591 2009 1659 2040; x_wconf 91' lang='lat' dir='ltr'>No-</span> 
     </span>
     <span class='ocr_line' id='line_1_39' title="bbox 279 2052 1660 2093; baseline 0.001 -11"><span class='ocrx_word' id='word_1_268' title='bbox 279 2054 368 2083; x_wconf 86' lang='lat' dir='ltr'>tario</span> <span class='ocrx_word' id='word_1_269' title='bbox 392 2054 545 2093; x_wconf 87' lang='lat' dir='ltr'>Publico,</span> <span class='ocrx_word' id='word_1_270' title='bbox 571 2055 730 2092; x_wconf 85' lang='lat' dir='ltr'>salutem,</span> <span class='ocrx_word' id='word_1_271' title='bbox 755 2053 968 2091; x_wconf 69' lang='lat' dir='ltr'>etc—Sane,</span> <span class='ocrx_word' id='word_1_272' title='bbox 992 2053 1074 2083; x_wconf 85' lang='lat' dir='ltr'>licet</span> <span class='ocrx_word' id='word_1_273' title='bbox 1097 2062 1160 2083; x_wconf 89' lang='lat' dir='ltr'>nos</span> <span class='ocrx_word' id='word_1_274' title='bbox 1180 2052 1381 2091; x_wconf 85' lang='lat' dir='ltr'>Ecclesiam,</span> <span class='ocrx_word' id='word_1_275' title='bbox 1408 2052 1606 2091; x_wconf 79' lang='lat' dir='ltr'>Civitatem,</span> <span class='ocrx_word' id='word_1_276' title='bbox 1624 2056 1660 2084; x_wconf 83' lang='lat' dir='ltr'>et</span> 
     </span>
     <span class='ocr_line' id='line_1_40' title="bbox 278 2096 1659 2137; baseline 0.001 -10"><span class='ocrx_word' id='word_1_277' title='bbox 278 2097 451 2128; x_wconf 88' lang='lat' dir='ltr'>Diocesim</span> <span class='ocrx_word' id='word_1_278' title='bbox 476 2101 615 2129; x_wconf 86' lang='lat' dir='ltr'>nostras</span> <span class='ocrx_word' id='word_1_279' title='bbox 640 2098 780 2136; x_wconf 83' lang='lat' dir='ltr'>Exonie‚</span> <span class='ocrx_word' id='word_1_280' title='bbox 805 2100 840 2128; x_wconf 90' lang='lat' dir='ltr'>et</span> <span class='ocrx_word' id='word_1_281' title='bbox 862 2097 1048 2137; x_wconf 85' lang='lat' dir='ltr'>presertim</span> <span class='ocrx_word' id='word_1_282' title='bbox 1072 2096 1404 2127; x_wconf 83' lang='lat' dir='ltr'>Archidiaconatum</span> <span class='ocrx_word' id='word_1_283' title='bbox 1429 2097 1600 2135; x_wconf 84' lang='lat' dir='ltr'>Tottonie,</span> <span class='ocrx_word' id='word_1_284' title='bbox 1618 2108 1659 2128; x_wconf 84' lang='lat' dir='ltr'>ex</span> 
     </span>
     <span class='ocr_line' id='line_1_41' title="bbox 279 2140 1659 2181; baseline 0 -9"><span class='ocrx_word' id='word_1_285' title='bbox 279 2141 390 2172; x_wconf 80' lang='lat' dir='ltr'>Officii</span> <span class='ocrx_word' id='word_1_286' title='bbox 405 2142 517 2172; x_wconf 88' lang='lat' dir='ltr'>nostri</span> <span class='ocrx_word' id='word_1_287' title='bbox 534 2142 651 2172; x_wconf 90' lang='lat' dir='ltr'>debito</span> <span class='ocrx_word' id='word_1_288' title='bbox 667 2141 922 2172; x_wconf 82' lang='lat' dir='ltr'>decreverimus</span> <span class='ocrx_word' id='word_1_289' title='bbox 938 2150 1050 2180; x_wconf 89' lang='lat' dir='ltr'>nuper</span> <span class='ocrx_word' id='word_1_290' title='bbox 1066 2140 1239 2171; x_wconf 88' lang='lat' dir='ltr'>Canonice</span> <span class='ocrx_word' id='word_1_291' title='bbox 1254 2141 1407 2179; x_wconf 82' lang='lat' dir='ltr'>visitare,</span> <span class='ocrx_word' id='word_1_292' title='bbox 1426 2141 1659 2181; x_wconf 80' lang='lat' dir='ltr'>Mandata-que</span> 
     </span>
     <span class='ocr_line' id='line_1_42' title="bbox 278 2184 1658 2225; baseline 0.001 -10"><span class='ocrx_word' id='word_1_293' title='bbox 278 2188 399 2215; x_wconf 84' lang='lat' dir='ltr'>nostra</span> <span class='ocrx_word' id='word_1_294' title='bbox 421 2186 517 2216; x_wconf 88' lang='lat' dir='ltr'>licita</span> <span class='ocrx_word' id='word_1_295' title='bbox 540 2188 576 2217; x_wconf 90' lang='lat' dir='ltr'>et</span> <span class='ocrx_word' id='word_1_296' title='bbox 600 2186 786 2224; x_wconf 88' lang='lat' dir='ltr'>Canonica,</span> <span class='ocrx_word' id='word_1_297' title='bbox 802 2185 838 2216; x_wconf 88' lang='lat' dir='ltr'>in</span> <span class='ocrx_word' id='word_1_298' title='bbox 861 2185 928 2216; x_wconf 89' lang='lat' dir='ltr'>hac</span> <span class='ocrx_word' id='word_1_299' title='bbox 950 2187 1060 2225; x_wconf 88' lang='lat' dir='ltr'>parte,</span> <span class='ocrx_word' id='word_1_300' title='bbox 1086 2184 1232 2223; x_wconf 82' lang='lat' dir='ltr'>singulis</span> <span class='ocrx_word' id='word_1_301' title='bbox 1254 2185 1519 2216; x_wconf 85' lang='lat' dir='ltr'>Archidiaconis</span> <span class='ocrx_word' id='word_1_302' title='bbox 1535 2185 1569 2216; x_wconf 89' lang='lat' dir='ltr'>in</span> <span class='ocrx_word' id='word_1_303' title='bbox 1596 2185 1658 2216; x_wconf 88' lang='lat' dir='ltr'>Ec—</span> 
     </span>
     <span class='ocr_line' id='line_1_43' title="bbox 279 2228 1657 2268; baseline 0 -9"><span class='ocrx_word' id='word_1_304' title='bbox 279 2229 384 2259; x_wconf 87' lang='lat' dir='ltr'>clesia</span> <span class='ocrx_word' id='word_1_305' title='bbox 413 2232 534 2260; x_wconf 89' lang='lat' dir='ltr'>nostra</span> <span class='ocrx_word' id='word_1_306' title='bbox 567 2230 764 2268; x_wconf 82' lang='lat' dir='ltr'>Exoniensi,</span> <span class='ocrx_word' id='word_1_307' title='bbox 788 2239 828 2260; x_wconf 85' lang='lat' dir='ltr'>ac</span> <span class='ocrx_word' id='word_1_308' title='bbox 855 2239 976 2260; x_wconf 88' lang='lat' dir='ltr'>eorum</span> <span class='ocrx_word' id='word_1_309' title='bbox 1004 2228 1226 2267; x_wconf 69' lang='lat' dir='ltr'>officialibus,</span> <span class='ocrx_word' id='word_1_310' title='bbox 1251 2231 1287 2259; x_wconf 90' lang='lat' dir='ltr'>et</span> <span class='ocrx_word' id='word_1_311' title='bbox 1322 2229 1508 2268; x_wconf 89' lang='lat' dir='ltr'>presertim</span> <span class='ocrx_word' id='word_1_312' title='bbox 1536 2229 1657 2260; x_wconf 89' lang='lat' dir='ltr'>Archi-</span> 
     </span>
     <span class='ocr_line' id='line_1_44' title="bbox 279 2272 1657 2314; baseline 0.001 -12"><span class='ocrx_word' id='word_1_313' title='bbox 279 2273 423 2304; x_wconf 88' lang='lat' dir='ltr'>diacono</span> <span class='ocrx_word' id='word_1_314' title='bbox 455 2274 626 2311; x_wconf 87' lang='lat' dir='ltr'>Tottonie,</span> <span class='ocrx_word' id='word_1_315' title='bbox 652 2276 688 2304; x_wconf 90' lang='lat' dir='ltr'>et</span> <span class='ocrx_word' id='word_1_316' title='bbox 719 2274 795 2314; x_wconf 87' lang='lat' dir='ltr'>ejus</span> <span class='ocrx_word' id='word_1_317' title='bbox 821 2273 977 2312; x_wconf 89' lang='lat' dir='ltr'>Officiali,</span> <span class='ocrx_word' id='word_1_318' title='bbox 1002 2272 1103 2313; x_wconf 86' lang='lat' dir='ltr'>juxta</span> <span class='ocrx_word' id='word_1_319' title='bbox 1124 2282 1257 2303; x_wconf 88' lang='lat' dir='ltr'>morem</span> <span class='ocrx_word' id='word_1_320' title='bbox 1285 2273 1469 2313; x_wconf 87' lang='lat' dir='ltr'>antiquum</span> <span class='ocrx_word' id='word_1_321' title='bbox 1501 2276 1657 2313; x_wconf 89' lang='lat' dir='ltr'>tempore</span> 
     </span>
     <span class='ocr_line' id='line_1_45' title="bbox 278 2317 1656 2357; baseline 0.001 -11"><span class='ocrx_word' id='word_1_322' title='bbox 278 2320 408 2354; x_wconf 87' lang='lat' dir='ltr'>nostro,</span> <span class='ocrx_word' id='word_1_323' title='bbox 424 2327 464 2347; x_wconf 85' lang='lat' dir='ltr'>ac</span> <span class='ocrx_word' id='word_1_324' title='bbox 486 2318 596 2348; x_wconf 89' lang='lat' dir='ltr'>eciam</span> <span class='ocrx_word' id='word_1_325' title='bbox 621 2318 908 2348; x_wconf 86' lang='lat' dir='ltr'>Predecessorum</span> <span class='ocrx_word' id='word_1_326' title='bbox 932 2320 1142 2355; x_wconf 89' lang='lat' dir='ltr'>nostrorum,</span> <span class='ocrx_word' id='word_1_327' title='bbox 1159 2317 1196 2347; x_wconf 90' lang='lat' dir='ltr'>in</span> <span class='ocrx_word' id='word_1_328' title='bbox 1220 2317 1420 2357; x_wconf 86' lang='lat' dir='ltr'>hujusmodi</span> <span class='ocrx_word' id='word_1_329' title='bbox 1437 2317 1656 2348; x_wconf 88' lang='lat' dir='ltr'>Visitacioni-</span> 
     </span>
     <span class='ocr_line' id='line_1_46' title="bbox 278 2360 1656 2402; baseline 0.001 -12"><span class='ocrx_word' id='word_1_330' title='bbox 278 2360 342 2391; x_wconf 91' lang='lat' dir='ltr'>bus</span> <span class='ocrx_word' id='word_1_331' title='bbox 358 2361 539 2400; x_wconf 88' lang='lat' dir='ltr'>usitatum,</span> <span class='ocrx_word' id='word_1_332' title='bbox 556 2361 601 2392; x_wconf 89' lang='lat' dir='ltr'>ad</span> <span class='ocrx_word' id='word_1_333' title='bbox 617 2361 796 2392; x_wconf 86' lang='lat' dir='ltr'>citandum</span> <span class='ocrx_word' id='word_1_334' title='bbox 814 2361 954 2392; x_wconf 90' lang='lat' dir='ltr'>Clerum</span> <span class='ocrx_word' id='word_1_335' title='bbox 971 2363 1007 2391; x_wconf 88' lang='lat' dir='ltr'>et</span> <span class='ocrx_word' id='word_1_336' title='bbox 1022 2361 1188 2400; x_wconf 87' lang='lat' dir='ltr'>populum</span> <span class='ocrx_word' id='word_1_337' title='bbox 1206 2360 1563 2391; x_wconf 87' lang='lat' dir='ltr'>Archidiaconatuum</span> <span class='ocrx_word' id='word_1_338' title='bbox 1581 2372 1656 2402; x_wconf 89' lang='lat' dir='ltr'>pre-</span> 
     </span>
     <span class='ocr_line' id='line_1_47' title="bbox 279 2404 1657 2445; baseline 0.001 -11"><span class='ocrx_word' id='word_1_339' title='bbox 279 2404 462 2443; x_wconf 89' lang='lat' dir='ltr'>dictorum,</span> <span class='ocrx_word' id='word_1_340' title='bbox 479 2408 651 2445; x_wconf 87' lang='lat' dir='ltr'>quatenus</span> <span class='ocrx_word' id='word_1_341' title='bbox 672 2405 765 2445; x_wconf 88' lang='lat' dir='ltr'>ipsos</span> <span class='ocrx_word' id='word_1_342' title='bbox 781 2405 920 2436; x_wconf 87' lang='lat' dir='ltr'>divisim</span> <span class='ocrx_word' id='word_1_343' title='bbox 944 2405 1210 2443; x_wconf 88' lang='lat' dir='ltr'>concernebant,</span> <span class='ocrx_word' id='word_1_344' title='bbox 1228 2405 1476 2435; x_wconf 88' lang='lat' dir='ltr'>Visitacionem</span> <span class='ocrx_word' id='word_1_345' title='bbox 1500 2408 1657 2436; x_wconf 86' lang='lat' dir='ltr'>nostram</span> 
     </span>
     <span class='ocr_line' id='line_1_48' title="bbox 279 2448 1657 2488; baseline 0.001 -10"><span class='ocrx_word' id='word_1_346' title='bbox 279 2448 489 2488; x_wconf 79' lang='lat' dir='ltr'>hujusmodi,</span> <span class='ocrx_word' id='word_1_347' title='bbox 514 2450 618 2480; x_wconf 87' lang='lat' dir='ltr'>certis</span> <span class='ocrx_word' id='word_1_348' title='bbox 643 2449 763 2480; x_wconf 88' lang='lat' dir='ltr'>diebus</span> <span class='ocrx_word' id='word_1_349' title='bbox 787 2452 823 2480; x_wconf 91' lang='lat' dir='ltr'>et</span> <span class='ocrx_word' id='word_1_350' title='bbox 846 2449 940 2487; x_wconf 87' lang='lat' dir='ltr'>locis,</span> <span class='ocrx_word' id='word_1_351' title='bbox 964 2449 1000 2479; x_wconf 91' lang='lat' dir='ltr'>in</span> <span class='ocrx_word' id='word_1_352' title='bbox 1024 2449 1155 2480; x_wconf 89' lang='lat' dir='ltr'>cedulis</span> <span class='ocrx_word' id='word_1_353' title='bbox 1179 2449 1310 2479; x_wconf 89' lang='lat' dir='ltr'>eisdem</span> <span class='ocrx_word' id='word_1_354' title='bbox 1336 2449 1511 2480; x_wconf 84' lang='lat' dir='ltr'>Mandatis</span> <span class='ocrx_word' id='word_1_355' title='bbox 1528 2450 1657 2480; x_wconf 86' lang='lat' dir='ltr'>nostris</span> 
     </span>
     <span class='ocr_line' id='line_1_49' title="bbox 278 2493 1655 2533; baseline 0.001 -11"><span class='ocrx_word' id='word_1_356' title='bbox 278 2493 422 2523; x_wconf 81' lang='lat' dir='ltr'>annexis</span> <span class='ocrx_word' id='word_1_357' title='bbox 446 2493 582 2532; x_wconf 87' lang='lat' dir='ltr'>plenius</span> <span class='ocrx_word' id='word_1_358' title='bbox 601 2494 820 2533; x_wconf 84' lang='lat' dir='ltr'>expressatis,</span> <span class='ocrx_word' id='word_1_359' title='bbox 845 2496 885 2523; x_wconf 91' lang='lat' dir='ltr'>ut</span> <span class='ocrx_word' id='word_1_360' title='bbox 909 2493 1036 2532; x_wconf 84' lang='lat' dir='ltr'>decuit,</span> <span class='ocrx_word' id='word_1_361' title='bbox 1061 2493 1248 2530; x_wconf 88' lang='lat' dir='ltr'>subituros,</span> <span class='ocrx_word' id='word_1_362' title='bbox 1276 2493 1515 2531; x_wconf 82' lang='lat' dir='ltr'>direxerimus,</span> <span class='ocrx_word' id='word_1_363' title='bbox 1540 2496 1579 2523; x_wconf 90' lang='lat' dir='ltr'>ut</span> <span class='ocrx_word' id='word_1_364' title='bbox 1603 2498 1655 2524; x_wconf 89' lang='lat' dir='ltr'>est</span> 
     </span>
     <span class='ocr_line' id='line_1_50' title="bbox 278 2536 1654 2577; baseline 0.001 -11"><span class='ocrx_word' id='word_1_365' title='bbox 278 2537 403 2573; x_wconf 83' lang='lat' dir='ltr'>moris3</span> <span class='ocrx_word' id='word_1_366' title='bbox 442 2537 594 2577; x_wconf 86' lang='lat' dir='ltr'>ipsisque</span> <span class='ocrx_word' id='word_1_367' title='bbox 624 2537 897 2575; x_wconf 84' lang='lat' dir='ltr'>Archidiaconis,</span> <span class='ocrx_word' id='word_1_368' title='bbox 929 2540 964 2568; x_wconf 87' lang='lat' dir='ltr'>et</span> <span class='ocrx_word' id='word_1_369' title='bbox 995 2547 1115 2567; x_wconf 82' lang='lat' dir='ltr'>eorum</span> <span class='ocrx_word' id='word_1_370' title='bbox 1152 2536 1374 2574; x_wconf 84' lang='lat' dir='ltr'>Officialibus,</span> <span class='ocrx_word' id='word_1_371' title='bbox 1405 2540 1441 2567; x_wconf 92' lang='lat' dir='ltr'>et</span> <span class='ocrx_word' id='word_1_372' title='bbox 1472 2538 1654 2577; x_wconf 87' lang='lat' dir='ltr'>presertim</span> 
     </span>
     <span class='ocr_line' id='line_1_51' title="bbox 278 2580 1652 2621; baseline 0.001 -11"><span class='ocrx_word' id='word_1_373' title='bbox 278 2580 532 2611; x_wconf 83' lang='lat' dir='ltr'>Archidiacono</span> <span class='ocrx_word' id='word_1_374' title='bbox 564 2581 724 2611; x_wconf 82' lang='lat' dir='ltr'>Tottonie</span> <span class='ocrx_word' id='word_1_375' title='bbox 755 2584 790 2612; x_wconf 83' lang='lat' dir='ltr'>et</span> <span class='ocrx_word' id='word_1_376' title='bbox 822 2581 930 2620; x_wconf 87' lang='lat' dir='ltr'>ipsius</span> <span class='ocrx_word' id='word_1_377' title='bbox 963 2581 1108 2611; x_wconf 82' lang='lat' dir='ltr'>Officiali</span> <span class='ocrx_word' id='word_1_378' title='bbox 1139 2581 1316 2620; x_wconf 86' lang='lat' dir='ltr'>predictis,</span> <span class='ocrx_word' id='word_1_379' title='bbox 1343 2581 1443 2621; x_wconf 82' lang='lat' dir='ltr'>juxta</span> <span class='ocrx_word' id='word_1_380' title='bbox 1474 2582 1652 2621; x_wconf 86' lang='lat' dir='ltr'>antiquam</span> 
     </span>
     <span class='ocr_line' id='line_1_52' title="bbox 279 2624 1654 2664; baseline 0.001 -10"><span class='ocrx_word' id='word_1_381' title='bbox 279 2624 575 2655; x_wconf 84' lang='lat' dir='ltr'>Consuetudinem</span> <span class='ocrx_word' id='word_1_382' title='bbox 599 2625 819 2663; x_wconf 82' lang='lat' dir='ltr'>laudabilem,</span> <span class='ocrx_word' id='word_1_383' title='bbox 837 2626 872 2655; x_wconf 89' lang='lat' dir='ltr'>in</span> <span class='ocrx_word' id='word_1_384' title='bbox 891 2625 1041 2655; x_wconf 78' lang='lat' dir='ltr'>Civitate</span> <span class='ocrx_word' id='word_1_385' title='bbox 1058 2628 1094 2655; x_wconf 87' lang='lat' dir='ltr'>et</span> <span class='ocrx_word' id='word_1_386' title='bbox 1111 2625 1247 2655; x_wconf 84' lang='lat' dir='ltr'>Diocesi</span> <span class='ocrx_word' id='word_1_387' title='bbox 1264 2625 1394 2655; x_wconf 82' lang='lat' dir='ltr'>nostris</span> <span class='ocrx_word' id='word_1_388' title='bbox 1410 2625 1601 2664; x_wconf 82' lang='lat' dir='ltr'>prelibatis,</span> <span class='ocrx_word' id='word_1_389' title='bbox 1620 2626 1654 2655; x_wconf 90' lang='lat' dir='ltr'>in</span> 
     </span>
     <span class='ocr_line' id='line_1_53' title="bbox 275 2668 1656 2709; baseline 0.001 -11"><span class='ocrx_word' id='word_1_390' title='bbox 275 2668 340 2699; x_wconf 91' lang='lat' dir='ltr'>hac</span> <span class='ocrx_word' id='word_1_391' title='bbox 356 2672 466 2708; x_wconf 84' lang='lat' dir='ltr'>parte,</span> <span class='ocrx_word' id='word_1_392' title='bbox 483 2669 652 2700; x_wconf 84' lang='lat' dir='ltr'>hactenus</span> <span class='ocrx_word' id='word_1_393' title='bbox 667 2670 834 2699; x_wconf 87' lang='lat' dir='ltr'>usitatam</span> <span class='ocrx_word' id='word_1_394' title='bbox 851 2669 1006 2709; x_wconf 76' lang='lat' dir='ltr'>legitime</span> <span class='ocrx_word' id='word_1_395' title='bbox 1023 2672 1059 2699; x_wconf 93' lang='lat' dir='ltr'>et</span> <span class='ocrx_word' id='word_1_396' title='bbox 1081 2669 1323 2708; x_wconf 87' lang='lat' dir='ltr'>prescriptam,</span> <span class='ocrx_word' id='word_1_397' title='bbox 1347 2668 1601 2700; x_wconf 86' lang='lat' dir='ltr'>inhibuerimus</span> <span class='ocrx_word' id='word_1_398' title='bbox 1620 2673 1656 2700; x_wconf 88' lang='lat' dir='ltr'>et</span> 
     </span>
     <span class='ocr_line' id='line_1_54' title="bbox 275 2712 1654 2753; baseline 0.001 -11"><span class='ocrx_word' id='word_1_399' title='bbox 275 2712 463 2743; x_wconf 89' lang='lat' dir='ltr'>fecerimus</span> <span class='ocrx_word' id='word_1_400' title='bbox 485 2713 634 2743; x_wconf 90' lang='lat' dir='ltr'>inhiberi</span> <span class='ocrx_word' id='word_1_401' title='bbox 654 2723 697 2744; x_wconf 89' lang='lat' dir='ltr'>ne</span> <span class='ocrx_word' id='word_1_402' title='bbox 721 2713 798 2753; x_wconf 91' lang='lat' dir='ltr'>quis</span> <span class='ocrx_word' id='word_1_403' title='bbox 822 2713 987 2753; x_wconf 86' lang='lat' dir='ltr'>ipsorum,</span> <span class='ocrx_word' id='word_1_404' title='bbox 1011 2713 1047 2743; x_wconf 90' lang='lat' dir='ltr'>in</span> <span class='ocrx_word' id='word_1_405' title='bbox 1068 2713 1139 2743; x_wconf 84' lang='lat' dir='ltr'>suis</span> <span class='ocrx_word' id='word_1_406' title='bbox 1158 2712 1518 2751; x_wconf 84' lang='lat' dir='ltr'>Archidiaconatibus‚</span> <span class='ocrx_word' id='word_1_407' title='bbox 1536 2723 1598 2753; x_wconf 91' lang='lat' dir='ltr'>per</span> <span class='ocrx_word' id='word_1_408' title='bbox 1618 2724 1654 2744; x_wconf 81' lang='lat' dir='ltr'>se</span> 
     </span>
     <span class='ocr_line' id='line_1_55' title="bbox 275 2756 1655 2797; baseline 0.001 -11"><span class='ocrx_word' id='word_1_409' title='bbox 275 2756 382 2786; x_wconf 91' lang='lat' dir='ltr'>alium</span> <span class='ocrx_word' id='word_1_410' title='bbox 406 2767 466 2788; x_wconf 87' lang='lat' dir='ltr'>seu</span> <span class='ocrx_word' id='word_1_411' title='bbox 490 2757 575 2788; x_wconf 90' lang='lat' dir='ltr'>alios</span> <span class='ocrx_word' id='word_1_412' title='bbox 599 2757 827 2797; x_wconf 85' lang='lat' dir='ltr'>procedendo,</span> <span class='ocrx_word' id='word_1_413' title='bbox 851 2756 1100 2796; x_wconf 81' lang='lat' dir='ltr'>cognoscendo,</span> <span class='ocrx_word' id='word_1_414' title='bbox 1124 2756 1355 2795; x_wconf 89' lang='lat' dir='ltr'>terminando,</span> <span class='ocrx_word' id='word_1_415' title='bbox 1380 2767 1441 2788; x_wconf 88' lang='lat' dir='ltr'>seu</span> <span class='ocrx_word' id='word_1_416' title='bbox 1464 2757 1550 2787; x_wconf 82' lang='lat' dir='ltr'>alias</span> <span class='ocrx_word' id='word_1_417' title='bbox 1574 2767 1655 2797; x_wconf 89' lang='lat' dir='ltr'>quo-</span> 
     </span>
     <span class='ocr_line' id='line_1_56' title="bbox 275 2800 1656 2842; baseline 0.001 -12"><span class='ocrx_word' id='word_1_418' title='bbox 275 2801 474 2839; x_wconf 86' lang='lat' dir='ltr'>modolibet,</span> <span class='ocrx_word' id='word_1_419' title='bbox 499 2801 534 2831; x_wconf 88' lang='lat' dir='ltr'>in</span> <span class='ocrx_word' id='word_1_420' title='bbox 558 2801 790 2842; x_wconf 86' lang='lat' dir='ltr'>prejudicium</span> <span class='ocrx_word' id='word_1_421' title='bbox 814 2801 1037 2831; x_wconf 86' lang='lat' dir='ltr'>Visitacionis</span> <span class='ocrx_word' id='word_1_422' title='bbox 1060 2804 1178 2831; x_wconf 86' lang='lat' dir='ltr'>nostre</span> <span class='ocrx_word' id='word_1_423' title='bbox 1202 2800 1368 2840; x_wconf 88' lang='lat' dir='ltr'>predicte,</span> <span class='ocrx_word' id='word_1_424' title='bbox 1392 2800 1468 2840; x_wconf 87' lang='lat' dir='ltr'>ipsa</span> <span class='ocrx_word' id='word_1_425' title='bbox 1491 2801 1527 2831; x_wconf 86' lang='lat' dir='ltr'>in</span> <span class='ocrx_word' id='word_1_426' title='bbox 1552 2801 1656 2832; x_wconf 85' lang='lat' dir='ltr'>dictis</span> 
     </span>
     <span class='ocr_line' id='line_1_57' title="bbox 272 2844 1653 2885; baseline 0.001 -11"><span class='ocrx_word' id='word_1_427' title='bbox 272 2845 634 2883; x_wconf 81' lang='lat' dir='ltr'>Archidiaconatibus,</span> <span class='ocrx_word' id='word_1_428' title='bbox 651 2848 687 2876; x_wconf 90' lang='lat' dir='ltr'>et</span> <span class='ocrx_word' id='word_1_429' title='bbox 703 2845 865 2885; x_wconf 87' lang='lat' dir='ltr'>precipue</span> <span class='ocrx_word' id='word_1_430' title='bbox 886 2844 1182 2875; x_wconf 87' lang='lat' dir='ltr'>Archidia-conatu</span> <span class='ocrx_word' id='word_1_431' title='bbox 1206 2844 1366 2875; x_wconf 86' lang='lat' dir='ltr'>Tottonie</span> <span class='ocrx_word' id='word_1_432' title='bbox 1388 2845 1554 2884; x_wconf 85' lang='lat' dir='ltr'>predicto,</span> <span class='ocrx_word' id='word_1_433' title='bbox 1572 2855 1653 2885; x_wconf 88' lang='lat' dir='ltr'>pen—</span> 
     </span>
     <span class='ocr_line' id='line_1_58' title="bbox 275 2888 1652 2929; baseline 0.001 -11"><span class='ocrx_word' id='word_1_434' title='bbox 275 2889 378 2920; x_wconf 85' lang='lat' dir='ltr'>dente</span> <span class='ocrx_word' id='word_1_435' title='bbox 395 2893 431 2920; x_wconf 90' lang='lat' dir='ltr'>et</span> <span class='ocrx_word' id='word_1_436' title='bbox 447 2890 623 2929; x_wconf 81' lang='lat' dir='ltr'>inexpleta</span> <span class='ocrx_word' id='word_1_437' title='bbox 640 2890 798 2927; x_wconf 86' lang='lat' dir='ltr'>durante,</span> <span class='ocrx_word' id='word_1_438' title='bbox 815 2889 925 2919; x_wconf 88' lang='lat' dir='ltr'>eciam</span> <span class='ocrx_word' id='word_1_439' title='bbox 943 2890 1022 2928; x_wconf 88' lang='lat' dir='ltr'>post</span> <span class='ocrx_word' id='word_1_440' title='bbox 1037 2889 1275 2928; x_wconf 85' lang='lat' dir='ltr'>recepcionem</span> <span class='ocrx_word' id='word_1_441' title='bbox 1293 2888 1493 2929; x_wconf 86' lang='lat' dir='ltr'>hujusmodi</span> <span class='ocrx_word' id='word_1_442' title='bbox 1512 2890 1652 2919; x_wconf 86' lang='lat' dir='ltr'>Manda-</span> 
     </span>
    </p>
   </div>
  </div>
 </body>
</html>
