1907 3212
188 421 263 448 AD.

187 456 260 481 1386.

186 488 247 514 Vol.
266 488 286 515 1.

493 317 777 356 REGISTRUM
812 319 1264 356 COMMUNE——ANNO
1307 306 1400 355 17⁰.
1626 307 1719 352 615

341 435 381 456 ac
398 435 439 456 ea
463 426 642 457 occasione
667 435 783 457 coram
809 425 977 465 Magistro
1002 425 1172 456 Willelmo
1198 425 1304 463 Piers,
1330 424 1545 455 Caneellario
1569 429 1603 453 ct
1622 423 1720 454 Com-

341 469 501 500 missario
518 472 637 501 nostro
654 470 689 499 in
714 469 778 501 hac
802 473 901 509 parte
925 469 1080 509 legitime
1103 469 1279 508 deputato,
1297 479 1359 508 pro
1384 468 1549 498 tribunali
1568 468 1720 500 sedente,

341 513 498 553 legitima
509 515 693 545 vocacione
704 515 883 554 premissa,
900 518 994 545 certo
1008 513 1158 543 termino
1168 513 1380 552 competenti
1392 513 1426 542 in
1439 512 1552 542 Chore
1563 511 1720 551 ejusdem

342 557 480 596 Capelle
507 559 768 598 comparuisset,
798 558 1041 597 prefatumque
1073 558 1203 588 crimen
1236 557 1482 587 fornicacionis
1513 563 1548 586 ct
1575 555 1719 586 inconti-

342 602 474 636 nencic,
487 602 551 632 sibi
563 603 607 633 ad
624 602 776 633 debitam
794 602 909 632 anime
927 612 986 632 sue
1004 602 1255 632 correccionem
1274 611 1314 631 ex
1333 601 1452 631 Officio
1469 606 1588 630 nostro
1601 600 1722 639 judici-

342 645 444 676 aliter
455 646 640 686 objectum,
655 656 691 677 se
708 646 932 684 commisisse,
943 650 978 676 et
989 646 1198 676 notorietate
1210 645 1365 685 ejusdem
1378 644 1534 675 criminis
1544 644 1724 674 humiliter

342 688 467 720 fuisset
484 695 519 720 et
537 691 582 721 sit
605 690 803 727 confessus;
829 691 919 721 unde
944 690 1036 720 idem
1062 690 1230 729 Magister
1254 690 1294 719 W
1296 689 1457 726 illelmus,
1476 688 1722 721 Cancellarius,

342 737 418 770 etc„
445 744 571 774 penam
598 744 658 765 seu
689 735 923 774 penitenciam
952 734 1065 764 eidem
1097 734 1245 764 Domino
1275 733 1427 764 «Iohanni
1463 743 1523 772 pro
1554 732 1724 771 premisso

342 778 486 808 crimine
504 778 729 818 infligendam
747 779 845 809 nobis
869 778 1066 818 specialiter
1088 778 1291 808 reservavit.
1338 777 1420 815 Nos,
1438 777 1556 817 igitur,
1574 776 1723 806 notorie-

341 825 449 852 tatem
483 822 682 863 hujusmodi
707 822 862 853 criminis
885 825 919 853 et
945 823 1147 853 scandalum
1171 822 1262 861 quod
1286 822 1366 851 inde
1399 821 1575 851 oriebatur
1607 820 1722 850 debite

341 866 609 902 considerantes,
634 877 758 906 penam
784 877 843 897 seu
868 867 1102 906 penitenciam
1126 866 1385 905 infrascriptam
1412 865 1476 905 ipsi
1503 865 1650 895 Domino
1666 865 1722 895 Jo-

340 910 447 940 hanni
465 921 526 950 pro
542 911 698 950 predicto
722 911 866 942 crimine
890 911 1135 941 fornicacionis
1159 913 1193 941 et
1218 910 1473 940 incontinencie
1496 919 1558 948 per
1573 909 1722 939 eundem

341 954 474 985 notorie.
502 955 696 989 commisso,
726 958 763 985 ut
790 955 974 994 prefertur,
999 955 1158 985 ducimus
1185 954 1422 993 infligendam,
1449 959 1483 984 et
1512 953 1724 992 imponimus

340 1008 402 1037 per
429 999 623 1029 Prescntes.
682 999 913 1039 Injungentes
944 999 1056 1030 eidem
1086 999 1234 1029 Domino
1265 998 1416 1029 Johanni
1448 998 1549 1037 quod,
1577 997 1723 1036 singulis

341 1042 448 1073 sextis
473 1042 570 1073 seriis
596 1053 658 1082 per
682 1054 789 1073 unum
816 1053 957 1081 annum,
975 1053 994 1073 a
1020 1045 1178 1082 tempore
1204 1043 1284 1073 date
1310 1042 1534 1073 Presencium
1559 1041 1722 1072 continue

290 1118 298 1126 ⁴
339 1087 574 1124 numerandis,
594 1087 752 1127 jejuniet,
779 1098 818 1118 ae
842 1098 941 1126 pane,
966 1087 1204 1126 liguminibus.
1233 1093 1267 1117 ot
1293 1087 1439 1117 cervisia
1465 1086 1648 1116 dumtaxat
1673 1085 1718 1116 sit

183 1172 230 1199 fol.
246 1174 301 1199 1237.

339 1134 524 1161 contentus
548 1134 582 1161 et
605 1133 743 1168 utaturg
768 1142 913 1166 necnon,
931 1131 1077 1170 singulis
1102 1131 1307 1170 septimanis
1330 1141 1392 1170 per
1416 1131 1564 1161 eundem
1590 1140 1719 1160 annum

340 1175 479 1205 unicum
498 1175 706 1205 Psalterium
724 1175 758 1205 in
777 1176 889 1205 Choro
913 1175 1070 1215 ejusdem
1097 1175 1235 1214 (apelle
1260 1175 1426 1213 perdit-at,
1446 1174 1664 1205 Altissimum
1682 1179 1720 1203 ut

339 1219 401 1249 sibi
421 1219 574 1249 dimittat
601 1227 741 1258 peccata
768 1230 839 1254 sua,
858 1230 936 1249 eum
961 1220 1073 1250 cordis
1098 1220 1320 1255 contricione,
1339 1219 1519 1249 humiliter
1535 1218 1719 1249 exorando.

339 1263 506 1301 Quocirca
534 1264 631 1294 vobis
658 1263 911 1294 committimus
939 1271 972 1293 et
1000 1264 1216 1297 mandamus,
1246 1269 1322 1299 etta,
1352 1263 1516 1303 quatinus
1542 1262 1719 1301 prefatum

339 1307 525 1337 Dominum
545 1308 741 1338 Johannem
764 1308 807 1337 ad
828 1308 1066 1347 peragendum
1087 1308 1285 1347 hujusmodi
1309 1307 1542 1346 penitenciam
1563 1306 1718 1346 legitime

338 1351 518 1389 moneatis,
537 1355 571 1381 et
589 1352 633 1382 ad
650 1352 684 1382 id
708 1362 770 1391 per
793 1362 1027 1391 quascumque
1054 1352 1228 1382 Ceus-uras
1254 1351 1516 1382 Ecclesiasticas
1545 1351 1718 1381 Canonice

337 1395 593 1434 compellatis-
611 1396 665 1425 Ad
683 1406 748 1435 que
766 1396 933 1435 premissa
956 1396 1117 1426 facienda
1135 1396 1232 1426 vobis
1249 1403 1368 1426 tenore
1388 1395 1609 1426 Presencium
1627 1405 1716 1425 com-

339 1439 512 1470 mittimus
529 1440 621 1470 viees
638 1443 785 1473 nostras,
805 1450 883 1470 cum
901 1440 1087 1480 cujuslibet
1105 1440 1319 1471 cohercionis
1338 1439 1510 1470 Canonice
1535 1442 1718 1479 potestate,

337 1484 563 1514 etc.-Dated
580 1486 616 1514 at
636 1484 831 1524 Faringdon
855 1482 1011 1523 (Hants),
1029 1485 1072 1514 20
1086 1485 1186 1515 June.

567 1526 617 1567 [A
634 1528 739 1558 blank
757 1538 858 1567 space
879 1529 914 1564 (3
932 1528 1035 1567 lines)
1056 1539 1126 1558 was
1144 1529 1207 1559 left
1228 1526 1339 1567 here]

182 1591 277 1621 (Juu-
291 1591 373 1629 The
403 1592 560 1638 Tenth3
603 1594 833 1630 Mandatum
862 1595 915 1630 ad
942 1594 1252 1630 (Ιεηίιηοίαηιῖιιηι
1281 1594 1615 1630 &communicatos
1645 1607 1719 1629 non

183 1626 240 1654 us]

343 1647 519 1684 solventes
543 1648 782 1684 Medietatem
803 1648 954 1684 Decime
975 1648 1070 1695 Regu?
1089 1662 1312 1692 concesse,—

293 1701 452 1739 Thomas,
478 1709 553 1738 ete,
584 1702 915 1733 Archidiaconorum
942 1703 1082 1738 Exonie‚
1108 1702 1279 1737 Tottonie,
1300 1702 1572 1741 Bai-nastapolie,
1594 1702 1627 1731 in
1657 1702 1716 1732 Ec-

336 1746 441 1775 clesia
464 1753 583 1776 nostra
609 1747 804 1783 Exonionsi,
831 1747 1052 1778 (uncialibus.
1078 1747 1237 1784 salutem,
1262 1751 1358 1776 etc.—
1376 1747 1472 1785 Quia.
1498 1757 1559 1785 per
1584 1746 1719 1776 Literas

340 1790 470 1820 Fratris
499 1790 656 1822 (filberti.
687 1791 815 1821 Prioris
843 1791 961 1821 Sancti
996 1791 1164 1825 Nicholai,
1193 1791 1331 1823 Exonic,
1362 1791 1564 1821 Collectoris
1595 1790 1716 1820 ultime

338 1834 536 1864 Mcdietatis
548 1835 649 1865 unius
664 1835 803 1865 Decime
815 1845 833 1864 a
852 1835 952 1865 Clero
969 1835 1231 1865 Cantuariensis
1243 1835 1422 1865 Provincie
1437 1835 1584 1864 Domino
1599 1840 1717 1865 nostro

339 1878 434 1915 Regi,
454 1878 649 1915 Londoniis,
668 1880 768 1909 Anno
787 1879 897 1917 Regni
921 1879 972 1909 sui
993 1886 1124 1913 octavo,
1142 1889 1312 1917 concesse,
1332 1879 1546 1909 Comitatum
1564 1878 1716 1909 Devonie

337 1922 587 1955 concernentis,
605 1933 644 1953 ac
670 1923 906 1953 Commissarii
930 1923 1039 1953 nostri
1065 1923 1098 1952 in
1122 1923 1184 1953 hac
1205 1930 1303 1962 parte
1327 1923 1524 1962 specialiter
1548 1923 1717 1962 deputati,

336 1966 435 1996 nobis
452 1973 588 1996 constat
607 1967 792 1997 manifeste
810 1967 899 2006 quod
917 1977 1036 1997 omnes
1053 1975 1087 1997 et
1105 1967 1238 2006 singule
1256 1977 1401 2006 persone
1418 1977 1563 2006 quarum
1577 1967 1718 1998 nomina

338 2010 369 2039 in
399 2010 520 2040 cedula
548 2011 771 2041 I'resentibus
797 2021 930 2041 annexa
959 2011 1183 2041 continentur
1210 2011 1404 2041 Sentenciis
1434 2011 1717 2042 Excommunica-

338 2054 445 2084 cionis
465 2055 616 2094 Majoris,
633 2061 774 2094 propter
790 2055 944 2094 ipsorum
968 2055 1191 2085 manifestam
1217 2056 1383 2085 offensam
1403 2056 1436 2084 in
1461 2066 1528 2085 non
1548 2055 1717 2086 satisfaci-

339 2098 437 2129 endo.
456 2099 499 2128 ad
519 2099 706 2129 utilitatem
728 2099 810 2129 dicti
837 2100 973 2129 Domini
996 2100 1110 2138 Regis,
1128 2099 1240 2130 eidem
1264 2100 1377 2129 Fratri
1402 2100 1569 2135 (alberto,
1589 2100 1716 2130 Collec-

340 2142 416 2179 tori,
434 2142 475 2172 cle
493 2153 561 2173 una
580 2143 767 2173 medietate
786 2143 926 2173 Decime
952 2144 1203 2174 Beneficiorum
1225 2154 1365 2173 suorum
1384 2144 1717 2181 Ecclesiasticomnm

341 2193 440 2224 prout
469 2187 542 2225 ipsa
570 2187 740 2217 Beneficia
766 2188 808 2217 ad
841 2188 1014 2218 Decimam
1041 2196 1122 2218 sunt
1148 2190 1277 2222 taxata,
1295 2198 1334 2217 ex
1357 2188 1476 2218 Officio
1501 2194 1620 2218 nostro
1643 2198 1719 2218 con-

339 2237 498 2264 tractam,
516 2232 670 2261 existunt
696 2232 871 2270 innodate,
889 2243 938 2265 ac,
958 2239 1031 2270 post
1054 2232 1252 2271 hujusmodi
1280 2232 1542 2262 Sentenciarum
1569 2232 1719 2271 publica-

339 2275 454 2305 eiones
471 2275 676 2314 solempnes,
689 2276 782 2314 ipsas
801 2276 1002 2306 Sentcncias
1020 2286 1080 2315 per
1093 2276 1324 2315 quadraginta
1342 2277 1415 2306 dies
1433 2283 1465 2306 et
1484 2277 1634 2315 amplius
1647 2286 1718 2307 sus-

339 2319 529 2357 tinuerunt,
548 2322 581 2349 et
599 2320 712 2350 adhuc
729 2320 845 2350 animo
862 2321 1033 2351 sustinent
1050 2321 1222 2353 indurato,
1241 2321 1364 2350 (flavus
1383 2320 1535 2351 Ecclesic
1554 2321 1718 2360 dampna-

339 2362 455 2393 biliter
482 2365 770 2403 contempnendov
799 2365 835 2394 in
860 2365 1055 2394 animarum
1083 2375 1223 2394 suarum
1251 2365 1382 2401 grande
1412 2365 1613 2403 pcricuhnn,
1636 2371 1719 2401 ete.;

339 2407 497 2445 quocirca
511 2408 617 2440 vobis.
629 2409 861 2439 communiter
874 2415 907 2439 ct
926 2409 1073 2439 divisim.
1092 2409 1354 2446 committimus,
1372 2416 1448 2441 ete..
1460 2417 1493 2438 ct
1513 2410 1719 2439 mandamus

339 2451 502 2488 quatinus
513 2462 633 2482 omnes
644 2457 677 2482 ct
693 2453 847 2489 singulas
858 2463 1024 2491 personas
1038 2453 1212 2491 predictas
1224 2453 1271 2483 sic
1283 2453 1600 2483 excommunit-atas
1612 2453 1718 2483 fuisse

339 2499 371 2524 et
390 2505 475 2526 esse.
488 2495 521 2524 in
543 2496 704 2527 Ecclesiis
722 2497 802 2533 suis,
821 2503 853 2526 et
873 2497 948 2527 aliis
969 2497 1130 2527 Ecclesiis
1144 2497 1276 2531 vicinis,
1294 2497 1430 2534 publice
1442 2504 1475 2527 et
1494 2497 1719 2537 solempniter

338 2539 520 2570 nuneietis.
549 2547 632 2575 οῖς-,ς
664 2541 823 2573 citantes,
857 2551 916 2571 seu
947 2541 1046 2570 citari
1079 2541 1257 2573 facientes,
1286 2541 1528 2579 peremptorie„
1562 2541 1718 2579 prefatas

340 2592 503 2621 personas
521 2584 610 2622 quod
635 2592 856 2623 compareant
886 2595 1000 2614 coram
1019 2585 1128 2617 nobis,
1146 2585 1179 2614 in
1207 2585 1345 2623 (⁴apella
1373 2585 1518 2614 Manerii
1542 2585 1650 2615 nostri
1676 2585 1716 2614 de

339 2626 447 2666 Clyst,
462 2627 516 2657 die
535 2628 676 2658 Sabbati
690 2629 844 2667 proximo
860 2636 933 2667 post
950 2629 1089 2658 Festum
1104 2629 1220 2658 Sancti
1238 2628 1368 2665 ‹lat-obi,
1381 2629 1547 2668 Apostoli.
1562 2629 1718 2667 proximo

340 2670 508 2702 futurum.
533 2681 655 2701 causas
678 2672 913 2704 rat-iouubilos.
940 2673 966 2701 si
993 2682 1077 2711 quas
1102 2683 1163 2711 pro
1188 2684 1222 2701 sc
1249 2672 1409 2704 habeant,
1435 2680 1521 2703 etcae
1551 2673 1659 2703 Datcd
1681 2680 1712 2702 at

338 2714 446 2747 Clvst.
466 2716 501 2744 11
521 2716 613 2745 ‚luha

291 2779 372 2817 The
402 2780 497 2816 lVar
526 2781 567 2817 in
597 2782 745 2830 Spain:
776 2782 1006 2819 Mandalum
1040 2782 1200 2818 Domini
1233 2782 1411 2829 Elusa-opi
1436 2789 1474 2818 ιιί
1501 2790 1717 2830 orello-pro

345 2834 449 2871 Duce
468 2835 702 2880 Ltmcastre'e,
719 2836 978 2883 proficiscente
1002 2849 1122 2872 versus
1143 2835 1449 2883 Hispaniam,—

292 2889 500 2920 —Directed
517 2896 552 2920 to
570 2889 628 2920 the
654 2891 748 2920 Dean
769 2890 837 2921 and
859 2891 1012 2931 Chapter
1036 2891 1103 2921 and
1125 2890 1182 2920 the
1205 2891 1282 2921 four
1300 2891 1554 2929 Arcffileacons,
1572 2902 1610 2922 or
1630 2892 1720 2922 their
