1907 3212
452 286 738 321 REGISTRUM
784 287 1241 321 COMMUNE—-ANNO
1270 279 1362 321 22⁰.
1586 276 1680 322 733

145 384 220 443 {³3AE-
302 389 389 419 soris
400 390 452 420 sui
463 390 737 432 inmediati,jam
748 390 916 429 defuncti,
928 390 1066 422 fructus
1082 391 1336 431 autumpnales,
1353 390 1515 421 videlieet
1532 390 1685 421 decimas

147 451 205 477 vol.
225 452 246 478 Ιι
301 433 487 472 garbarum
502 436 610 475 ipsius
624 436 776 466 Ecclesie
792 433 958 475 [Sancte]
974 436 1165 466 Felicitatis
1177 436 1361 475 autumpni
1374 435 1530 475 proximo
1541 445 1684 474 sequen-

301 477 357 516 tis,
368 488 503 509 necnon
516 480 633 510 onmia
643 480 711 510 alia
721 482 757 510 et
770 480 906 520 singula
915 480 1006 510 bona
1017 491 1082 520 que
1093 480 1237 510 fuerunt
1248 480 1356 519 ipsius
1368 480 1527 518 Magistri
1542 479 1683 509 Roberti

302 521 383 551 dum
398 522 494 562 vixit,
508 524 727 563 perceperint
743 526 778 555 et
793 524 1024 562 vendiderint,
1038 534 1078 555 ac
1095 524 1137 554 (10
1154 525 1284 554 eisdem
1301 534 1363 563 pro
1376 524 1474 554 libito
1491 524 1684 554 voluntatis

302 576 363 596 sue
380 567 614 606 disposuerint
638 578 717 598 eum
739 568 887 606 effectu3
911 568 987 608 ipsi,
1004 571 1134 607 tamen,
1152 569 1363 599 Executores
1379 578 1485 598 onera
1509 568 1685 598 ordinaria

302 612 338 640 et
354 612 639 650 extraordinaria,
656 613 769 643 eidem
790 613 952 650 Ecclesie,
971 616 1006 643 et
1031 613 1168 644 Rectori
1184 613 1342 653 ejusdem
1359 613 1417 652 qui
1441 622 1503 651 pro
1526 615 1684 651 tempore

302 654 409 685 fuerit
426 655 535 695 ipsius
550 657 701 687 Ecclesie
718 657 868 695 nomine,
880 657 922 687 de
938 657 1014 697 jure
1025 667 1066 687 ac
1077 657 1335 688 Consuetucline
1349 656 1515 686 laudabili
1528 656 1683 695 legitime

302 700 506 739 prescripta,
523 701 774 738 incumbeneia,
792 701 988 739 admittere,
1013 701 1138 739 subire,
1156 704 1191 731 et
1208 703 1424 740 supportare,
1441 701 1531 731 sicut
1549 701 1590 730 de
1607 700 1684 740 jure

302 753 341 772 ae
355 743 612 775 Consuetudine
622 745 789 784 predictis
802 748 966 775 tenentur
977 747 1011 775 et
1022 746 1231 784 obligantur,
1244 747 1460 783 recusarunt,
1474 747 1508 775 et
1522 747 1685 774 recusant

303 787 419 817 minus
441 788 553 828 juste;
578 789 613 819 in
640 790 748 829 ipsius
766 790 903 819 Domini
922 790 1070 827 Ricardi,
1089 790 1246 820 Rectoris
1269 789 1427 829 predicti,
1451 789 1683 829 prejudicium

302 842 371 861 non
389 833 563 863 modicum
580 836 615 863 et
632 843 831 872 gravamen,
849 843 889 864 ac
905 834 1051 864 aliorum
1064 834 1297 873 perniciosum
1314 834 1522 873 exemplum.
1570 833 1683 862 Idem-

303 885 368 915 que
386 876 556 907 Dominus
573 877 752 915 Ricardus,
770 878 897 907 Rector
912 878 1099 917 predictus,
1117 878 1159 908 de
1176 878 1439 917 dilapidacione,
1457 877 1684 914 ammocione,

304 922 339 949 et
350 922 618 960 consumpcione
629 922 799 951 dictorum
814 922 993 952 fructuum
1007 924 1041 951 et
1054 922 1234 959 bonorum,
1245 932 1308 961 per
1320 922 1458 951 eosdem
1474 922 1686 951 Executores

304 964 532 1003 imposterum
560 965 740 1003 faciendis,
758 967 994 996 verisimiliter
1010 967 1147 1004 timens,
1164 967 1263 996 nobis
1280 966 1459 996 humiliter
1476 965 1684 1005 supplicavit

306 1008 371 1038 sibi
403 1009 439 1039 in
468 1009 532 1039 hac.
558 1012 657 1049 parte
684 1010 858 1050 provideri
887 1011 929 1040 de
957 1011 1111 1040 remedio
1136 1014 1318 1050 oportuno.
1376 1010 1544 1040 Nolentes
1572 1010 1684 1039 cidem

305 1052 454 1083 Domino
482 1054 630 1084 Ricardo
654 1054 690 1084 in
716 1064 779 1084 sua
804 1055 922 1085 deesse
948 1055 1099 1094 justicia,
1126 1055 1228 1085 sicuti
1253 1065 1316 1085 nec
1344 1055 1520 1092 debemus,
1553 1054 1619 1084 rite
1651 1055 1686 1083 et

304 1096 461 1136 legitime
485 1097 521 1127 in
545 1098 610 1128 hac
633 1100 733 1138 parte
757 1099 995 1138 procedentes,
1020 1098 1115 1129 faeta
1131 1099 1294 1138 primitus
1311 1099 1378 1129 fide
1395 1109 1511 1129 coram
1529 1098 1628 1127 nobis
1644 1107 1685 1127 ex

306 1143 405 1179 parte
423 1142 506 1172 dicti
524 1142 664 1172 Domini
682 1142 819 1172 Ri‹·ardi
837 1153 940 1182 super
955 1143 1134 1182 premissis
1152 1143 1193 1173 de
1209 1143 1286 1183 jure
1303 1143 1480 1183 requisita,
1498 1142 1635 1172 fructus
1651 1144 1686 1172 et

306 1185 396 1215 bona
423 1187 540 1216 omnia
566 1188 602 1216 et
627 1187 764 1225 singula
789 1187 999 1226 supradicta,
1027 1187 1137 1217 eciam
1162 1188 1197 1217 in
1214 1187 1376 1218 manibus
1392 1187 1587 1217 debitorum
1606 1196 1686 1225 quo-

305 1239 531 1269 rumcumque
555 1231 755 1268 existeiicia,
779 1231 823 1261 ad
848 1234 984 1261 tantam
1013 1242 1186 1262 summam
1203 1242 1282 1262 cum
1299 1234 1430 1271 quanta
1447 1241 1552 1261 onera
1569 1240 1687 1269 supra-

306 1274 400 1303 dicta
424 1277 590 1314 poterunt
617 1275 826 1314 supportari,
858 1278 894 1306 et
919 1275 1086 1314 defectus,
1115 1276 1159 1306 ad
1184 1286 1330 1315 quorum
1362 1275 1622 1315 reparacionem
1654 1277 1690 1304 et

304 1318 587 1349 emendacionem
616 1319 730 1349 dictus
757 1320 925 1357 Magister
953 1320 1126 1350 Robertus
1150 1321 1232 1349 dum
1258 1320 1343 1350 vixit
1360 1320 1555 1357 tenebatur,
1573 1319 1689 1349 debite

305 1363 460 1401 reparari
481 1366 516 1393 et
533 1363 773 1401 condecenter,
790 1366 830 1393 ut
853 1364 1024 1401 convenit,
1050 1364 1238 1402 emendari,
1263 1364 1568 1404 sequestravimus,
1585 1365 1689 1402 prout

305 1407 492 1437 actualiter
507 1410 628 1438 tenore
650 1408 872 1437 Preseucium
890 1411 1159 1448 sequestramus,
1177 1409 1438 1448 custodiamque
1455 1408 1611 1448 ejusdem
1630 1407 1687 1437 Se-

305 1451 437 1490 questri
448 1451 545 1482 vobis
556 1452 814 1482 committentes
828 1450 920 1491 (sic),
931 1452 1033 1482 sicuti
1043 1453 1084 1482 de
1098 1453 1228 1483 eisdem
1241 1455 1356 1483 vestro
1364 1452 1544 1483 volueritis
1555 1452 1687 1491 pericu-

150 1491 195 1516 sol.
212 1491 288 1518 2·2Tb.
310 1495 564 1535 lorespondere,
581 1498 647 1527 ete.
668 1495 722 1536 (in
739 1497 792 1526 the
808 1506 958 1526 common
968 1494 1249 1536 form).—Dated
1264 1499 1302 1527 at
1319 1497 1524 1536 Chudleigh,
1542 1497 1562 1526 6
1578 1496 1670 1535 Aug.

261 1548 494 1586 Exminster
509 1563 519 1596 ς
548 1549 799 1598 Sequestrum
832 1550 1108 1598 inteossositum
1141 1550 1187 1587 in
1211 1550 1418 1599 fructibus
1448 1549 1614 1587 Ecclesia
1645 1549 1690 1586 de

314 1603 580 1652 E'oeemynstre,
616 1617 660 1640 ac
689 1604 820 1641 ceteris
849 1604 959 1641 bonis
981 1604 1170 1653 Illayistr‘i
1190 1604 1238 1642 Ii.
1269 1605 1472 1654 Pylatone,
1495 1617 1617 1652 usqae
1637 1603 1691 1640 ad

315 1657 587 1704 quantitatem,
609 1664 742 1704 etc„—

266 1711 426 1750 Thomas,
443 1715 520 1751 etc„
538 1713 698 1743 Dominis
714 1713 892 1751 Nicholao,
911 1713 1049 1744 Rectori
1073 1713 1226 1744 Ecclesie
1244 1713 1285 1743 de
1302 1713 1533 1751 Pouderham,
1552 1714 1693 1744 Matheo

310 1756 426 1793 Stoke‚
445 1757 583 1787 Rectori
602 1757 755 1788 Ecclesie
774 1757 892 1787 Sancti
911 1758 1092 1796 Leonardi,
1111 1758 1241 1788 Thome
1260 1758 1339 1795 Mol,
1358 1758 1546 1797 Capeliano
1564 1758 1689 1798 Perpe-

310 1803 368 1829 tue
387 1800 550 1831 Cantarie
570 1801 611 1831 de
630 1801 718 1839 Ken,
745 1801 936 1832 Laurencio
962 1802 1126 1841 Haukyn,
1152 1802 1300 1832 Ricardo
1325 1802 1495 1842 Skynner,
1514 1805 1548 1832 et
1566 1802 1691 1832 Willel-

310 1854 367 1874 mo
385 1844 512 1884 Hoper,
530 1845 743 1885 presbiteris,
761 1845 919 1884 salutem,
937 1847 1137 1876 ete—Cum
1154 1846 1325 1876 discretus
1341 1847 1403 1884 vir,
1421 1846 1531 1876 nostri
1557 1846 1692 1876 Consis-

310 1888 390 1918 torii
413 1889 618 1919 Exoniensis
635 1889 829 1928 Presidens,
847 1890 882 1920 in
900 1890 1049 1929 quadam
1073 1890 1187 1920 Causa
1209 1891 1486 1929 testamentaria,
1504 1893 1539 1920 et
1556 1900 1693 1930 repara-

311 1932 429 1970 cionis,
454 1943 569 1963 coram
594 1933 715 1963 eodem
740 1936 836 1963 mota
858 1934 950 1964 inter
975 1934 1181 1973 Magistrum
1205 1935 1401 1964 Johannem
1427 1934 1694 1974 Chamberleyn,

312 1976 494 2006 Rectorem
513 1977 665 2007 Ecclesie
686 1978 728 2007 de
749 1978 990 2017 Exemynstre,
1014 1978 1152 2008 Partem
1180 1979 1355 2016 actricem,
1380 1989 1421 2009 ex
1445 1981 1545 2019 parte
1564 1990 1641 2015 una,
1659 1982 1694 2008 et

312 2020 522 2051 Executores
540 2021 755 2052 Testamenti
772 2032 811 2052 ac
827 2022 997 2052 bonorum
1013 2023 1326 2053 Administratores
1344 2023 1503 2062 Magistri
1522 2023 1695 2063 Radulphi

312 2064 491 2104 Pylatone,
505 2065 596 2095 dicte
609 2065 762 2096 Ecclesia
775 2067 816 2096 de
829 2066 1059 2106 Exemynstre
1072 2077 1184 2106 nuper
1197 2066 1363 2105 Rectoris,
1376 2067 1542 2104 defuncti,
1554 2068 1695 2097 Partem

312 2118 407 2138 ream
425 2119 465 2139 ex
483 2109 603 2147 altera,
621 2119 737 2139 coram
755 2110 874 2140 eodem
893 2111 1102 2149 introducta,
1114 2111 1180 2141 rite
1191 2114 1225 2141 et
1239 2111 1394 2150 legitime
1407 2121 1469 2151 per
1485 2112 1601 2141 onmia
1618 2122 1693 2151 pro-

313 2153 449 2191 cedens,
470 2153 607 2183 fructus
624 2155 659 2183 et
675 2158 865 2193 proventus
880 2154 1017 2194 prefate
1036 2155 1188 2185 Ecclesie
1206 2156 1247 2185 de
1266 2155 1506 2195 Exeniynstre,
1524 2166 1563 2186 ac
1581 2160 1697 2186 cetera

314 2197 404 2227 bona
421 2197 464 2227 ad
482 2197 612 2228 dictum
631 2198 836 2228 defunctum
854 2199 1063 2238 spectancia,
1081 2209 1296 2239 quocumque
1320 2200 1460 2230 nomine
1478 2203 1696 2237 censeantur,

315 2251 422 2280 usque
440 2242 483 2271 ad
500 2242 733 2281 quantitatem
751 2243 983 2282 quadraginta
999 2247 1148 2283 quatuor
1158 2244 1337 2277 librarum,
1351 2248 1482 2284 septem
1496 2245 1695 2281 solidorum,

314 2291 349 2315 et
368 2286 416 2325 iiij
437 2286 668 2324 denariorum,
685 2287 721 2316 in
740 2286 972 2326 Inquisicione
989 2297 1093 2327 super
1109 2287 1304 2318 defectibus
1321 2289 1356 2318 in
1374 2298 1505 2325 manso,
1527 2289 1697 2326 domibus,

316 2332 351 2360 et
365 2330 535 2359 clausuris
549 2330 706 2360 Rectorie
724 2331 814 2361 dicte
829 2331 992 2370 Ecclesie,
1006 2332 1150 2371 aliisque
1161 2332 1264 2362 rebus
1281 2333 1324 2362 ad
1338 2333 1483 2363 eandem
1500 2333 1696 2363 Rcctoriam

317 2374 567 2412 spectantibus
586 2377 741 2414 tempore
761 2375 889 2414 prefati
915 2375 1075 2415 Magistri
1094 2376 1267 2416 Radulphi
1286 2377 1443 2407 Rectoris
1467 2377 1698 2415 contingenti-

317 2417 390 2455 bus,
417 2418 626 2448 auctoritate
652 2421 771 2449 nostra
797 2419 882 2449 alias
913 2420 1068 2459 legitime
1100 2424 1201 2460 capta
1230 2424 1454 2460 compertam,
1485 2421 1584 2461 juxta
1613 2421 1697 2451 dicti

319 2461 523 2492 Consistorii
551 2463 661 2492 nostri
695 2462 913 2493 Statutorum
942 2474 1004 2503 per
1035 2464 1123 2494 bone
1155 2465 1321 2495 memorie
1350 2466 1537 2495 Dominum
1573 2466 1697 2495 Walte-

318 2516 405 2543 rum,
438 2506 519 2536 olim
553 2506 835 2537 Predecessoreni
866 2511 1035 2546 nostrum,
1067 2509 1132 2539 rite
1164 2509 1199 2538 in
1232 2509 1296 2539 hac
1327 2513 1426 2549 parte
1458 2512 1493 2539 et
1526 2509 1698 2539 Canonicc

319 2550 493 2579 editorum
520 2551 735 2587 exigeneiam
764 2554 799 2581 et
824 2556 991 2590 tenorem,
1016 2552 1076 2583 lite
1101 2553 1301 2593 hujusmodi
1335 2554 1509 2592 pendente
1534 2553 1698 2591 indecisa,

321 2595 592 2633 sequestraverit
610 2605 671 2634 per
695 2595 901 2633 Decretum;
925 2596 1083 2636 quodque
1106 2597 1198 2627 idem
1223 2597 1411 2634 Johannos,
1438 2598 1573 2633 Rector,
1598 2598 1699 2626 timet

320 2639 566 2675 verisimiliter,
584 2642 623 2668 ut
640 2639 775 2677 asserit,
793 2639 834 2669 de
852 2641 1076 2678 ammocione,
1095 2642 1373 2680 consumpcione,
1391 2644 1426 2671 et
1448 2641 1700 2681 dilapidat-ione

320 2682 500 2712 fructuum
520 2686 554 2712 et
573 2683 741 2713 bonorum
760 2684 996 2723 predictorum
1020 2695 1082 2724 per
1106 2688 1241 2724 partem
1268 2685 1439 2715 dictorum
1467 2685 1699 2715 Executorum

320 2726 395 2756 fore
414 2727 625 2762 faciendum,
645 2727 830 2767 Sequestro
847 2738 915 2758 11011
933 2729 1094 2758 obstante
1111 2729 1278 2768 predicto,
1303 2732 1407 2768 prout
1431 2739 1534 2768 super
1550 2730 1617 2759 hiis
1642 2740 1704 2769 per

321 2771 469 2800 eundem
488 2771 695 2807 Johannem,
716 2771 908 2810 Rectorem,
927 2773 1100 2803 sufficiens
1116 2784 1231 2803 coram
1247 2774 1345 2803 nobis
1358 2774 1475 2803 extitit
1492 2777 1527 2804 ct
1544 2778 1592 2803 est
1610 2773 1702 2803 sacta

322 2815 428 2851 fides3
454 2825 527 2853 nos,
553 2815 700 2845 ulterius
717 2815 751 2845 in
770 2815 834 2846 hac
853 2819 953 2855 parte
978 2817 1132 2855 legitime
1158 2818 1395 2856 procedentes,
1420 2818 1558 2848 fructus
1575 2821 1609 2848 et
1627 2828 1702 2857 pro-

321 2862 448 2889 ventus
465 2859 650 2898 predictos,
668 2869 708 2889 ac
725 2860 792 2890 alia
809 2860 898 2890 bona
922 2871 1136 2901 quecumque
1161 2862 1202 2891 ad
1229 2862 1359 2892 dictum
1387 2862 1589 2892 defunctum
1610 2872 1704 2902 spec.—

363 2917 401 2949 M
