<?xml version="1.0" encoding="UTF-8"?>
<!DOCTYPE html PUBLIC "-//W3C//DTD XHTML 1.0 Transitional//EN"
    "http://www.w3.org/TR/xhtml1/DTD/xhtml1-transitional.dtd">
<html xmlns="http://www.w3.org/1999/xhtml" xml:lang="en" lang="en">
 <head>
  <title>
</title>
<meta http-equiv="Content-Type" content="text/html;charset=utf-8" />
  <meta name='ocr-system' content='tesseract 3.04.00' />
  <meta name='ocr-capabilities' content='ocr_page ocr_carea ocr_par ocr_line ocrx_word'/>
</head>
<body>
  <div class='ocr_page' id='page_1' title='image "./registerofthomas02cathuoft_0172.png"; bbox 0 0 1907 3212; ppageno 0'>
   <div class='ocr_carea' id='block_1_1' title="bbox 171 292 1499 344">
    <p class='ocr_par' dir='ltr' id='par_1_1' title="bbox 171 292 1499 344">
     <span class='ocr_line' id='line_1_1' title="bbox 171 292 1499 344; baseline 0.008 -10"><span class='ocrx_word' id='word_1_1' title='bbox 171 292 265 335; x_wconf 79' lang='lat'>692</span> <span class='ocrx_word' id='word_1_2' title='bbox 380 305 479 338; x_wconf 82' lang='lat' dir='ltr'>THE</span> <span class='ocrx_word' id='word_1_3' title='bbox 516 306 757 341; x_wconf 82' lang='lat' dir='ltr'>REGISTER.</span> <span class='ocrx_word' id='word_1_4' title='bbox 792 307 852 340; x_wconf 85' lang='lat' dir='ltr'>OF</span> <span class='ocrx_word' id='word_1_5' title='bbox 884 307 1061 342; x_wconf 87' lang='lat' dir='ltr'>BISHOP</span> <span class='ocrx_word' id='word_1_6' title='bbox 1093 308 1499 344; x_wconf 85' lang='lat' dir='ltr'>BRANTYNGHAM.</span> 
     </span>
    </p>
   </div>
   <div class='ocr_carea' id='block_1_2' title="bbox 167 402 1707 1072">
    <p class='ocr_par' dir='ltr' id='par_1_2' title="bbox 167 402 1703 454">
     <span class='ocr_line' id='line_1_2' title="bbox 167 402 1703 454; baseline 0.002 -16"><span class='ocrx_word' id='word_1_7' title='bbox 167 402 243 429; x_wconf 71' lang='grc' dir='ltr'><strong>Α-Ὁ-</strong></span> <span class='ocrx_word' id='word_1_8' title='bbox 327 410 506 449; x_wconf 85' lang='lat' dir='ltr'>emptorie,</span> <span class='ocrx_word' id='word_1_9' title='bbox 535 411 707 441; x_wconf 87' lang='lat' dir='ltr'>moneatis</span> <span class='ocrx_word' id='word_1_10' title='bbox 738 414 774 442; x_wconf 89' lang='lat' dir='ltr'>et</span> <span class='ocrx_word' id='word_1_11' title='bbox 805 411 992 442; x_wconf 87' lang='lat' dir='ltr'>efficaciter</span> <span class='ocrx_word' id='word_1_12' title='bbox 1022 412 1206 451; x_wconf 85' lang='lat' dir='ltr'>inducatis,</span> <span class='ocrx_word' id='word_1_13' title='bbox 1235 423 1275 443; x_wconf 89' lang='lat' dir='ltr'>ac</span> <span class='ocrx_word' id='word_1_14' title='bbox 1302 413 1498 454; x_wconf 48' lang='lat' dir='ltr'>requiratis</span> <span class='ocrx_word' id='word_1_15' title='bbox 1526 411 1703 453; x_wconf 84' lang='lat' dir='ltr'>prefatum</span> 
     </span>
    </p>

    <p class='ocr_par' dir='ltr' id='par_1_3' title="bbox 168 453 1706 761">
     <span class='ocr_line' id='line_1_3' title="bbox 168 453 1706 497; baseline 0.002 -15"><span class='ocrx_word' id='word_1_16' title='bbox 168 470 220 496; x_wconf 85' lang='lat' dir='ltr'>Vol</span> <span class='ocrx_word' id='word_1_17' title='bbox 244 458 285 496; x_wconf 63' lang='lat' dir='ltr'>L·</span> <span class='ocrx_word' id='word_1_18' title='bbox 326 453 514 484; x_wconf 88' lang='lat' dir='ltr'>Dominum</span> <span class='ocrx_word' id='word_1_19' title='bbox 541 455 743 494; x_wconf 80' lang='lat' dir='ltr'>Henricmn,</span> <span class='ocrx_word' id='word_1_20' title='bbox 760 465 863 496; x_wconf 89' lang='lat' dir='ltr'>quem</span> <span class='ocrx_word' id='word_1_21' title='bbox 886 466 950 487; x_wconf 88' lang='lat' dir='ltr'>nos</span> <span class='ocrx_word' id='word_1_22' title='bbox 972 459 1094 488; x_wconf 89' lang='lat' dir='ltr'>tenore</span> <span class='ocrx_word' id='word_1_23' title='bbox 1118 457 1342 488; x_wconf 87' lang='lat' dir='ltr'>Presencium</span> <span class='ocrx_word' id='word_1_24' title='bbox 1366 458 1416 488; x_wconf 86' lang='lat' dir='ltr'>sic</span> <span class='ocrx_word' id='word_1_25' title='bbox 1437 457 1646 497; x_wconf 86' lang='lat' dir='ltr'><strong>requirimus</strong></span> <span class='ocrx_word' id='word_1_26' title='bbox 1670 458 1706 486; x_wconf 82' lang='lat' dir='ltr'>et</span> 
     </span>
     <span class='ocr_line' id='line_1_4' title="bbox 325 499 1703 542; baseline 0.003 -16"><span class='ocrx_word' id='word_1_27' title='bbox 325 506 516 536; x_wconf 87' lang='lat' dir='ltr'>monemus,</span> <span class='ocrx_word' id='word_1_28' title='bbox 535 499 636 538; x_wconf 89' lang='lat' dir='ltr'>quod,</span> <span class='ocrx_word' id='word_1_29' title='bbox 648 500 852 540; x_wconf 78' lang='lat' dir='ltr'>postpositis</span> <span class='ocrx_word' id='word_1_30' title='bbox 868 501 1015 540; x_wconf 81' lang='lat' dir='ltr'>privatis</span> <span class='ocrx_word' id='word_1_31' title='bbox 1032 511 1092 531; x_wconf 90' lang='lat' dir='ltr'>seu</span> <span class='ocrx_word' id='word_1_32' title='bbox 1108 502 1340 541; x_wconf 85' lang='lat' dir='ltr'>peculiaribus</span> <span class='ocrx_word' id='word_1_33' title='bbox 1355 501 1528 542; x_wconf 80' lang='lat' dir='ltr'>obsequiis</span> <span class='ocrx_word' id='word_1_34' title='bbox 1543 510 1703 541; x_wconf 87' lang='lat' dir='ltr'>quorum-</span> 
     </span>
     <span class='ocr_line' id='line_1_5' title="bbox 325 543 1703 587; baseline 0.002 -17"><span class='ocrx_word' id='word_1_35' title='bbox 325 550 482 581; x_wconf 88' lang='lat' dir='ltr'>cumque,</span> <span class='ocrx_word' id='word_1_36' title='bbox 516 543 560 573; x_wconf 89' lang='lat' dir='ltr'>ad</span> <span class='ocrx_word' id='word_1_37' title='bbox 590 543 766 583; x_wconf 80' lang='lat' dir='ltr'><strong>prefatam</strong></span> <span class='ocrx_word' id='word_1_38' title='bbox 798 545 989 575; x_wconf 82' lang='lat' dir='ltr'>Ecclesiam</span> <span class='ocrx_word' id='word_1_39' title='bbox 1023 545 1262 585; x_wconf 84' lang='lat' dir='ltr'>Collegiatam,</span> <span class='ocrx_word' id='word_1_40' title='bbox 1290 545 1384 576; x_wconf 81' lang='lat' dir='ltr'>infra</span> <span class='ocrx_word' id='word_1_41' title='bbox 1410 545 1537 586; x_wconf 82' lang='lat' dir='ltr'>viginti</span> <span class='ocrx_word' id='word_1_42' title='bbox 1557 545 1703 587; x_wconf 20' lang='lat' dir='ltr'>,dierum</span> 
     </span>
     <span class='ocr_line' id='line_1_6' title="bbox 325 586 1704 630; baseline 0.003 -16"><span class='ocrx_word' id='word_1_43' title='bbox 325 586 480 624; x_wconf 76' lang='lat' dir='ltr'>spacium</span> <span class='ocrx_word' id='word_1_44' title='bbox 499 597 518 616; x_wconf 88' lang='lat' dir='ltr'>a</span> <span class='ocrx_word' id='word_1_45' title='bbox 534 589 691 628; x_wconf 85' lang='lat' dir='ltr'>tempore</span> <span class='ocrx_word' id='word_1_46' title='bbox 709 589 943 619; x_wconf 82' lang='lat' dir='ltr'>Monicionum</span> <span class='ocrx_word' id='word_1_47' title='bbox 966 592 1163 620; x_wconf 76' lang='lat' dir='ltr'>vestrarum</span> <span class='ocrx_word' id='word_1_48' title='bbox 1188 590 1388 630; x_wconf 84' lang='lat' dir='ltr'>hujusmodi</span> <span class='ocrx_word' id='word_1_49' title='bbox 1405 590 1568 621; x_wconf 83' lang='lat' dir='ltr'>continue</span> <span class='ocrx_word' id='word_1_50' title='bbox 1585 598 1704 619; x_wconf 88' lang='lat' dir='ltr'>nume-</span> 
     </span>
     <span class='ocr_line' id='line_1_7' title="bbox 325 630 1706 675; baseline 0.002 -16"><span class='ocrx_word' id='word_1_51' title='bbox 325 630 523 669; x_wconf 88' lang='lat' dir='ltr'>randorum,</span> <span class='ocrx_word' id='word_1_52' title='bbox 538 635 696 663; x_wconf 81' lang='lat' dir='ltr'>cessante</span> <span class='ocrx_word' id='word_1_53' title='bbox 709 633 866 672; x_wconf 86' lang='lat' dir='ltr'>legitimo</span> <span class='ocrx_word' id='word_1_54' title='bbox 879 633 1140 673; x_wconf 83' lang='lat' dir='ltr'>impedimento,</span> <span class='ocrx_word' id='word_1_55' title='bbox 1151 635 1304 673; x_wconf 84' lang='lat' dir='ltr'>accedat,</span> <span class='ocrx_word' id='word_1_56' title='bbox 1315 637 1352 665; x_wconf 85' lang='lat' dir='ltr'>et</span> <span class='ocrx_word' id='word_1_57' title='bbox 1364 634 1454 665; x_wconf 90' lang='lat' dir='ltr'>Cure</span> <span class='ocrx_word' id='word_1_58' title='bbox 1470 634 1626 675; x_wconf 89' lang='lat' dir='ltr'>ejusdem</span> <span class='ocrx_word' id='word_1_59' title='bbox 1643 642 1706 672; x_wconf 92' lang='lat' dir='ltr'>pro</span> 
     </span>
     <span class='ocr_line' id='line_1_8' title="bbox 324 676 1704 718; baseline 0.001 -14"><span class='ocrx_word' id='word_1_60' title='bbox 324 676 536 713; x_wconf 79' lang='lat' dir='ltr'>competenti</span> <span class='ocrx_word' id='word_1_61' title='bbox 554 676 690 713; x_wconf 83' lang='lat' dir='ltr'>sala-rio,</span> <span class='ocrx_word' id='word_1_62' title='bbox 708 679 747 706; x_wconf 87' lang='lat' dir='ltr'>ut</span> <span class='ocrx_word' id='word_1_63' title='bbox 764 678 936 715; x_wconf 84' lang='lat' dir='ltr'>convenit,</span> <span class='ocrx_word' id='word_1_64' title='bbox 955 678 1138 717; x_wconf 74' lang='lat' dir='ltr'>deserviat,</span> <span class='ocrx_word' id='word_1_65' title='bbox 1157 678 1220 709; x_wconf 89' lang='lat' dir='ltr'>sub</span> <span class='ocrx_word' id='word_1_66' title='bbox 1241 689 1332 718; x_wconf 86' lang='lat' dir='ltr'>pena</span> <span class='ocrx_word' id='word_1_67' title='bbox 1353 678 1535 709; x_wconf 86' lang='lat' dir='ltr'>Sentencie</span> <span class='ocrx_word' id='word_1_68' title='bbox 1556 678 1704 717; x_wconf 88' lang='lat' dir='ltr'>Suspen-</span> 
     </span>
     <span class='ocr_line' id='line_1_9' title="bbox 324 718 1705 761; baseline 0.003 -14"><span class='ocrx_word' id='word_1_69' title='bbox 324 718 430 749; x_wconf 90' lang='lat' dir='ltr'>sionis</span> <span class='ocrx_word' id='word_1_70' title='bbox 455 719 497 749; x_wconf 81' lang='lat' dir='ltr'>ab</span> <span class='ocrx_word' id='word_1_71' title='bbox 523 720 652 759; x_wconf 85' lang='lat' dir='ltr'>Officio,</span> <span class='ocrx_word' id='word_1_72' title='bbox 672 721 708 750; x_wconf 91' lang='lat' dir='ltr'>in</span> <span class='ocrx_word' id='word_1_73' title='bbox 733 721 881 761; x_wconf 78' lang='lat' dir='ltr'>quadani</span> <span class='ocrx_word' id='word_1_74' title='bbox 909 722 1170 753; x_wconf 87' lang='lat' dir='ltr'>Constitucione</span> <span class='ocrx_word' id='word_1_75' title='bbox 1196 723 1402 753; x_wconf 78' lang='lat' dir='ltr'>Provinciali</span> <span class='ocrx_word' id='word_1_76' title='bbox 1427 723 1514 752; x_wconf 88' lang='lat' dir='ltr'>bone</span> <span class='ocrx_word' id='word_1_77' title='bbox 1538 721 1705 752; x_wconf 81' lang='lat' dir='ltr'>memorie</span> 
     </span>
    </p>

    <p class='ocr_par' dir='ltr' id='par_1_4' title="bbox 169 758 1707 1072">
     <span class='ocr_line' id='line_1_10' title="bbox 169 758 1704 806; baseline 0.003 -15"><span class='ocrx_word' id='word_1_78' title='bbox 169 758 214 783; x_wconf 83' lang='lat' dir='ltr'>fol.</span> <span class='ocrx_word' id='word_1_79' title='bbox 228 760 283 784; x_wconf 75' lang='lat'>&#39;203-</span> <span class='ocrx_word' id='word_1_80' title='bbox 325 762 497 802; x_wconf 55' lang='lat' dir='ltr'>Symenhs,</span> <span class='ocrx_word' id='word_1_81' title='bbox 511 765 684 804; x_wconf 82' lang='lat' dir='ltr'>quondam</span> <span class='ocrx_word' id='word_1_82' title='bbox 704 765 967 797; x_wconf 82' lang='lat' dir='ltr'>Cantuariensis</span> <span class='ocrx_word' id='word_1_83' title='bbox 982 766 1254 806; x_wconf 76' lang='lat' dir='ltr'>Archiepiscopi,</span> <span class='ocrx_word' id='word_1_84' title='bbox 1268 767 1304 796; x_wconf 91' lang='lat' dir='ltr'>in</span> <span class='ocrx_word' id='word_1_85' title='bbox 1320 767 1385 797; x_wconf 89' lang='lat' dir='ltr'>hac</span> <span class='ocrx_word' id='word_1_86' title='bbox 1401 770 1500 806; x_wconf 84' lang='lat' dir='ltr'>parte</span> <span class='ocrx_word' id='word_1_87' title='bbox 1518 766 1583 796; x_wconf 86' lang='lat' dir='ltr'>rite</span> <span class='ocrx_word' id='word_1_88' title='bbox 1601 766 1704 802; x_wconf 80' lang='lat' dir='ltr'>edita,</span> 
     </span>
     <span class='ocr_line' id='line_1_11' title="bbox 324 808 1705 852; baseline 0.001 -15"><span class='ocrx_word' id='word_1_89' title='bbox 324 808 466 846; x_wconf 81' lang='lat' dir='ltr'>provide</span> <span class='ocrx_word' id='word_1_90' title='bbox 484 808 557 839; x_wconf 83' lang='lat' dir='ltr'>lata</span> <span class='ocrx_word' id='word_1_91' title='bbox 573 811 608 839; x_wconf 87' lang='lat' dir='ltr'>et</span> <span class='ocrx_word' id='word_1_92' title='bbox 624 809 760 848; x_wconf 88' lang='lat' dir='ltr'>publice</span> <span class='ocrx_word' id='word_1_93' title='bbox 782 811 1022 849; x_wconf 80' lang='lat' dir='ltr'>promulgata3</span> <span class='ocrx_word' id='word_1_94' title='bbox 1047 821 1162 850; x_wconf 79' lang='lat' dir='ltr'>quam,</span> <span class='ocrx_word' id='word_1_95' title='bbox 1180 811 1207 841; x_wconf 88' lang='lat' dir='ltr'>si</span> <span class='ocrx_word' id='word_1_96' title='bbox 1231 811 1430 852; x_wconf 81' lang='lat' dir='ltr'>hujusmodi</span> <span class='ocrx_word' id='word_1_97' title='bbox 1453 810 1705 840; x_wconf 85' lang='lat' dir='ltr'>Monicionibus</span> 
     </span>
     <span class='ocr_line' id='line_1_12' title="bbox 325 851 1705 894; baseline 0.001 -13"><span class='ocrx_word' id='word_1_98' title='bbox 325 853 361 881; x_wconf 85' lang='lat' dir='ltr'>ct</span> <span class='ocrx_word' id='word_1_99' title='bbox 378 851 677 892; x_wconf 87' lang='lat' dir='ltr'>Requisicionibus</span> <span class='ocrx_word' id='word_1_100' title='bbox 697 854 790 884; x_wconf 83' lang='lat' dir='ltr'>infra</span> <span class='ocrx_word' id='word_1_101' title='bbox 812 856 951 894; x_wconf 84' lang='lat' dir='ltr'>tempus</span> <span class='ocrx_word' id='word_1_102' title='bbox 974 855 1180 894; x_wconf 87' lang='lat' dir='ltr'>predictum,</span> <span class='ocrx_word' id='word_1_103' title='bbox 1199 857 1357 886; x_wconf 77' lang='lat' dir='ltr'>cessante</span> <span class='ocrx_word' id='word_1_104' title='bbox 1381 855 1538 894; x_wconf 83' lang='lat' dir='ltr'>legitimo</span> <span class='ocrx_word' id='word_1_105' title='bbox 1561 853 1705 893; x_wconf 87' lang='lat' dir='ltr'>impedi—</span> 
     </span>
     <span class='ocr_line' id='line_1_13' title="bbox 326 898 1705 939; baseline 0.001 -14"><span class='ocrx_word' id='word_1_106' title='bbox 326 898 454 934; x_wconf 82' lang='lat' dir='ltr'>mento,</span> <span class='ocrx_word' id='word_1_107' title='bbox 475 907 543 927; x_wconf 89' lang='lat' dir='ltr'>non</span> <span class='ocrx_word' id='word_1_108' title='bbox 566 899 722 937; x_wconf 87' lang='lat' dir='ltr'>paruerit</span> <span class='ocrx_word' id='word_1_109' title='bbox 746 909 825 928; x_wconf 90' lang='lat' dir='ltr'>cum</span> <span class='ocrx_word' id='word_1_110' title='bbox 846 899 982 936; x_wconf 81' lang='lat' dir='ltr'>effectu,</span> <span class='ocrx_word' id='word_1_111' title='bbox 1000 910 1040 929; x_wconf 84' lang='lat' dir='ltr'>eo</span> <span class='ocrx_word' id='word_1_112' title='bbox 1062 899 1137 939; x_wconf 90' lang='lat' dir='ltr'>ipso</span> <span class='ocrx_word' id='word_1_113' title='bbox 1158 910 1193 930; x_wconf 89' lang='lat' dir='ltr'>se</span> <span class='ocrx_word' id='word_1_114' title='bbox 1216 899 1352 930; x_wconf 77' lang='lat' dir='ltr'>noverit</span> <span class='ocrx_word' id='word_1_115' title='bbox 1376 899 1607 929; x_wconf 87' lang='lat' dir='ltr'>incursurum.</span> <span class='ocrx_word' id='word_1_116' title='bbox 1655 898 1705 928; x_wconf 91' lang='lat' dir='ltr'>De</span> 
     </span>
     <span class='ocr_line' id='line_1_14' title="bbox 325 939 1705 983; baseline 0.002 -14"><span class='ocrx_word' id='word_1_117' title='bbox 325 939 390 977; x_wconf 88' lang='lat' dir='ltr'>die,</span> <span class='ocrx_word' id='word_1_118' title='bbox 407 950 500 979; x_wconf 77' lang='lat' dir='ltr'>vero,</span> <span class='ocrx_word' id='word_1_119' title='bbox 517 944 583 972; x_wconf 85' lang='lat' dir='ltr'>etc.</span> <span class='ocrx_word' id='word_1_120' title='bbox 631 942 674 972; x_wconf 88' lang='lat' dir='ltr'>Et</span> <span class='ocrx_word' id='word_1_121' title='bbox 692 943 774 982; x_wconf 83' lang='lat' dir='ltr'>quid</span> <span class='ocrx_word' id='word_1_122' title='bbox 791 943 948 973; x_wconf 78' lang='lat' dir='ltr'>feceritis</span> <span class='ocrx_word' id='word_1_123' title='bbox 965 943 1001 973; x_wconf 87' lang='lat' dir='ltr'>in</span> <span class='ocrx_word' id='word_1_124' title='bbox 1018 944 1197 983; x_wconf 80' lang='lat' dir='ltr'>premissis</span> <span class='ocrx_word' id='word_1_125' title='bbox 1213 954 1286 981; x_wconf 86' lang='lat' dir='ltr'>nos,</span> <span class='ocrx_word' id='word_1_126' title='bbox 1304 954 1381 974; x_wconf 89' lang='lat' dir='ltr'>cum</span> <span class='ocrx_word' id='word_1_127' title='bbox 1400 953 1462 982; x_wconf 91' lang='lat' dir='ltr'>per</span> <span class='ocrx_word' id='word_1_128' title='bbox 1477 945 1613 983; x_wconf 85' lang='lat' dir='ltr'>partem</span> <span class='ocrx_word' id='word_1_129' title='bbox 1630 952 1705 981; x_wconf 86' lang='lat' dir='ltr'>pre-</span> 
     </span>
     <span class='ocr_line' id='line_1_15' title="bbox 325 983 1707 1027; baseline 0.001 -13"><span class='ocrx_word' id='word_1_130' title='bbox 325 983 391 1014; x_wconf 85' lang='lat' dir='ltr'>fati</span> <span class='ocrx_word' id='word_1_131' title='bbox 408 985 548 1016; x_wconf 89' lang='lat' dir='ltr'>Domini</span> <span class='ocrx_word' id='word_1_132' title='bbox 564 986 735 1016; x_wconf 83' lang='lat' dir='ltr'>Johannis</span> <span class='ocrx_word' id='word_1_133' title='bbox 752 997 903 1026; x_wconf 84' lang='lat' dir='ltr'>congrue</span> <span class='ocrx_word' id='word_1_134' title='bbox 923 988 967 1017; x_wconf 88' lang='lat' dir='ltr'>ad</span> <span class='ocrx_word' id='word_1_135' title='bbox 991 988 1056 1018; x_wconf 85' lang='lat' dir='ltr'>hoc</span> <span class='ocrx_word' id='word_1_136' title='bbox 1080 988 1219 1020; x_wconf 85' lang='lat' dir='ltr'>fueritis</span> <span class='ocrx_word' id='word_1_137' title='bbox 1243 988 1411 1027; x_wconf 80' lang='lat' dir='ltr'>requisiti,</span> <span class='ocrx_word' id='word_1_138' title='bbox 1429 986 1628 1018; x_wconf 85' lang='lat' dir='ltr'>certificetis</span> <span class='ocrx_word' id='word_1_139' title='bbox 1645 996 1707 1026; x_wconf 86' lang='lat' dir='ltr'>per</span> 
     </span>
     <span class='ocr_line' id='line_1_16' title="bbox 325 1028 1360 1072; baseline 0.004 -14"><span class='ocrx_word' id='word_1_140' title='bbox 325 1028 460 1059; x_wconf 85' lang='lat' dir='ltr'>Literas</span> <span class='ocrx_word' id='word_1_141' title='bbox 477 1032 612 1061; x_wconf 81' lang='lat' dir='ltr'>vestras</span> <span class='ocrx_word' id='word_1_142' title='bbox 628 1033 799 1070; x_wconf 86' lang='lat' dir='ltr'>patentes,</span> <span class='ocrx_word' id='word_1_143' title='bbox 817 1032 1043 1062; x_wconf 82' lang='lat' dir='ltr'>etc.—Dated</span> <span class='ocrx_word' id='word_1_144' title='bbox 1060 1035 1096 1062; x_wconf 86' lang='lat' dir='ltr'>at</span> <span class='ocrx_word' id='word_1_145' title='bbox 1114 1032 1224 1072; x_wconf 85' lang='lat' dir='ltr'>Clyst,</span> <span class='ocrx_word' id='word_1_146' title='bbox 1241 1033 1261 1062; x_wconf 81' lang='lat'>5</span> <span class='ocrx_word' id='word_1_147' title='bbox 1279 1032 1360 1063; x_wconf 87' lang='lat' dir='ltr'>Feb.</span> 
     </span>
    </p>
   </div>
   <div class='ocr_carea' id='block_1_3' title="bbox 277 1081 1706 1377">
    <p class='ocr_par' dir='ltr' id='par_1_5' title="bbox 279 1081 1277 1135">
     <span class='ocr_line' id='line_1_17' title="bbox 279 1081 1277 1135; baseline 0.005 -17"><span class='ocrx_word' id='word_1_148' title='bbox 279 1081 438 1128; x_wconf 87' lang='lat' dir='ltr'>Exeter,</span> <span class='ocrx_word' id='word_1_149' title='bbox 462 1083 519 1120; x_wconf 80' lang='lat' dir='ltr'>St.</span> <span class='ocrx_word' id='word_1_150' title='bbox 543 1083 750 1134; x_wconf 79' lang='lat' dir='ltr'>George⁷s3</span> <span class='ocrx_word' id='word_1_151' title='bbox 780 1085 844 1122; x_wconf 79' lang='lat' dir='ltr'>Sir</span> <span class='ocrx_word' id='word_1_152' title='bbox 863 1085 974 1122; x_wconf 84' lang='lat' dir='ltr'>John</span> <span class='ocrx_word' id='word_1_153' title='bbox 996 1086 1134 1135; x_wconf 83' lang='lat' dir='ltr'>Doget,</span> <span class='ocrx_word' id='word_1_154' title='bbox 1158 1086 1277 1131; x_wconf 61' lang='lat' dir='ltr'>R„—</span> 
     </span>
    </p>

    <p class='ocr_par' dir='ltr' id='par_1_6' title="bbox 279 1136 1702 1224">
     <span class='ocr_line' id='line_1_18' title="bbox 279 1136 1702 1181; baseline 0.002 -14"><span class='ocrx_word' id='word_1_155' title='bbox 279 1137 424 1169; x_wconf 85' lang='lat' dir='ltr'>Licence</span> <span class='ocrx_word' id='word_1_156' title='bbox 445 1136 495 1177; x_wconf 79' lang='lat' dir='ltr'>(in</span> <span class='ocrx_word' id='word_1_157' title='bbox 516 1139 568 1170; x_wconf 72' lang='lat' dir='ltr'>the</span> <span class='ocrx_word' id='word_1_158' title='bbox 585 1150 733 1170; x_wconf 80' lang='lat' dir='ltr'>common</span> <span class='ocrx_word' id='word_1_159' title='bbox 745 1138 850 1180; x_wconf 80' lang='lat' dir='ltr'>form)</span> <span class='ocrx_word' id='word_1_160' title='bbox 870 1144 906 1171; x_wconf 93' lang='lat' dir='ltr'>to</span> <span class='ocrx_word' id='word_1_161' title='bbox 922 1141 1007 1171; x_wconf 85' lang='lat' dir='ltr'>hear</span> <span class='ocrx_word' id='word_1_162' title='bbox 1020 1141 1080 1172; x_wconf 89' lang='lat' dir='ltr'>the</span> <span class='ocrx_word' id='word_1_163' title='bbox 1098 1141 1322 1172; x_wconf 80' lang='lat' dir='ltr'>Confessions</span> <span class='ocrx_word' id='word_1_164' title='bbox 1336 1141 1372 1172; x_wconf 81' lang='lat' dir='ltr'>of</span> <span class='ocrx_word' id='word_1_165' title='bbox 1388 1141 1442 1171; x_wconf 89' lang='lat' dir='ltr'>his</span> <span class='ocrx_word' id='word_1_166' title='bbox 1455 1140 1702 1181; x_wconf 81' lang='lat' dir='ltr'>parishioners,</span> 
     </span>
     <span class='ocr_line' id='line_1_19' title="bbox 323 1181 702 1224; baseline 0.008 -12"><span class='ocrx_word' id='word_1_167' title='bbox 323 1184 388 1213; x_wconf 88' lang='lat' dir='ltr'>etc.</span> <span class='ocrx_word' id='word_1_168' title='bbox 409 1181 534 1223; x_wconf 74' lang='lat' dir='ltr'>(Clyst,</span> <span class='ocrx_word' id='word_1_169' title='bbox 553 1185 573 1215; x_wconf 89' lang='grc'>8</span> <span class='ocrx_word' id='word_1_170' title='bbox 591 1182 702 1224; x_wconf 63' lang='lat' dir='ltr'>Feb).</span> 
     </span>
    </p>

    <p class='ocr_par' dir='ltr' id='par_1_7' title="bbox 277 1235 865 1284">
     <span class='ocr_line' id='line_1_20' title="bbox 277 1235 865 1284; baseline 0.005 -12"><span class='ocrx_word' id='word_1_171' title='bbox 277 1235 472 1283; x_wconf 81' lang='lat' dir='ltr'>Bodmin;</span> <span class='ocrx_word' id='word_1_172' title='bbox 501 1238 865 1284; x_wconf 66' lang='lat' dir='ltr'>Penitenciaria,-</span> 
     </span>
    </p>

    <p class='ocr_par' dir='ltr' id='par_1_8' title="bbox 280 1292 1706 1377">
     <span class='ocr_line' id='line_1_21' title="bbox 280 1292 1705 1335; baseline 0.002 -14"><span class='ocrx_word' id='word_1_173' title='bbox 280 1292 381 1330; x_wconf 82' lang='lat' dir='ltr'>Item,</span> <span class='ocrx_word' id='word_1_174' title='bbox 399 1292 539 1331; x_wconf 79' lang='lat' dir='ltr'>ibidem,</span> <span class='ocrx_word' id='word_1_175' title='bbox 557 1294 626 1334; x_wconf 83' lang='lat' dir='ltr'>xvij</span> <span class='ocrx_word' id='word_1_176' title='bbox 646 1294 700 1324; x_wconf 87' lang='lat' dir='ltr'>die</span> <span class='ocrx_word' id='word_1_177' title='bbox 718 1295 848 1325; x_wconf 83' lang='lat' dir='ltr'>mensis</span> <span class='ocrx_word' id='word_1_178' title='bbox 867 1294 1045 1325; x_wconf 77' lang='lat' dir='ltr'>Februarii</span> <span class='ocrx_word' id='word_1_179' title='bbox 1063 1295 1202 1335; x_wconf 77' lang='lat' dir='ltr'>prefati,</span> <span class='ocrx_word' id='word_1_180' title='bbox 1220 1295 1389 1325; x_wconf 85' lang='lat' dir='ltr'>Dominus</span> <span class='ocrx_word' id='word_1_181' title='bbox 1403 1294 1572 1325; x_wconf 77' lang='lat' dir='ltr'>concessit</span> <span class='ocrx_word' id='word_1_182' title='bbox 1587 1293 1705 1324; x_wconf 86' lang='lat' dir='ltr'>Licen-</span> 
     </span>
     <span class='ocr_line' id='line_1_22' title="bbox 323 1336 1706 1377; baseline 0.001 -11"><span class='ocrx_word' id='word_1_183' title='bbox 323 1336 412 1366; x_wconf 80' lang='lat' dir='ltr'>ciam</span> <span class='ocrx_word' id='word_1_184' title='bbox 436 1337 551 1367; x_wconf 81' lang='lat' dir='ltr'>Fratri</span> <span class='ocrx_word' id='word_1_185' title='bbox 570 1338 704 1377; x_wconf 79' lang='lat' dir='ltr'>Bogero</span> <span class='ocrx_word' id='word_1_186' title='bbox 728 1339 958 1376; x_wconf 84' lang='lat' dir='ltr'>Rosemelian‚</span> <span class='ocrx_word' id='word_1_187' title='bbox 985 1339 1160 1369; x_wconf 86' lang='lat' dir='ltr'>Gardiano</span> <span class='ocrx_word' id='word_1_188' title='bbox 1183 1339 1324 1370; x_wconf 83' lang='lat' dir='ltr'>Ordinis</span> <span class='ocrx_word' id='word_1_189' title='bbox 1348 1340 1509 1369; x_wconf 81' lang='lat' dir='ltr'>Fratrum</span> <span class='ocrx_word' id='word_1_190' title='bbox 1534 1339 1706 1368; x_wconf 84' lang='lat' dir='ltr'>Minorum</span> 
     </span>
    </p>
   </div>
   <div class='ocr_carea' id='block_1_4' title="bbox 324 1380 1706 1467">
    <p class='ocr_par' dir='ltr' id='par_1_9' title="bbox 324 1380 1706 1467">
     <span class='ocr_line' id='line_1_23' title="bbox 324 1380 1706 1420; baseline 0.001 -10"><span class='ocrx_word' id='word_1_191' title='bbox 324 1380 516 1420; x_wconf 84' lang='lat' dir='ltr'>Bodminie,</span> <span class='ocrx_word' id='word_1_192' title='bbox 549 1382 593 1412; x_wconf 88' lang='lat' dir='ltr'>ad</span> <span class='ocrx_word' id='word_1_193' title='bbox 625 1382 837 1413; x_wconf 87' lang='lat' dir='ltr'>audiendum</span> <span class='ocrx_word' id='word_1_194' title='bbox 869 1383 905 1413; x_wconf 88' lang='lat' dir='ltr'>in</span> <span class='ocrx_word' id='word_1_195' title='bbox 937 1383 1013 1413; x_wconf 81' lang='lat' dir='ltr'>foro</span> <span class='ocrx_word' id='word_1_196' title='bbox 1048 1384 1163 1414; x_wconf 85' lang='lat' dir='ltr'>anime</span> <span class='ocrx_word' id='word_1_197' title='bbox 1204 1384 1448 1414; x_wconf 83' lang='lat' dir='ltr'>Confessiones</span> <span class='ocrx_word' id='word_1_198' title='bbox 1488 1383 1706 1413; x_wconf 85' lang='lat' dir='ltr'>subditorum</span> 
     </span>
     <span class='ocr_line' id='line_1_24' title="bbox 324 1425 1293 1467; baseline 0.004 -13"><span class='ocrx_word' id='word_1_199' title='bbox 324 1425 472 1464; x_wconf 84' lang='lat' dir='ltr'>Domini,</span> <span class='ocrx_word' id='word_1_200' title='bbox 491 1428 567 1464; x_wconf 90' lang='lat' dir='ltr'>etc.,</span> <span class='ocrx_word' id='word_1_201' title='bbox 585 1429 624 1456; x_wconf 82' lang='lat' dir='ltr'>ut</span> <span class='ocrx_word' id='word_1_202' title='bbox 640 1427 677 1457; x_wconf 88' lang='lat' dir='ltr'>in</span> <span class='ocrx_word' id='word_1_203' title='bbox 694 1427 826 1465; x_wconf 79' lang='lat' dir='ltr'>forma3</span> <span class='ocrx_word' id='word_1_204' title='bbox 851 1437 912 1467; x_wconf 84' lang='lat' dir='ltr'>per</span> <span class='ocrx_word' id='word_1_205' title='bbox 929 1438 1059 1457; x_wconf 87' lang='lat' dir='ltr'>annum</span> <span class='ocrx_word' id='word_1_206' title='bbox 1077 1428 1293 1458; x_wconf 79' lang='lat' dir='ltr'>duraturam.</span> 
     </span>
    </p>
   </div>
   <div class='ocr_carea' id='block_1_5' title="bbox 277 1478 1709 1743">
    <p class='ocr_par' dir='ltr' id='par_1_10' title="bbox 277 1478 845 1526">
     <span class='ocr_line' id='line_1_25' title="bbox 277 1478 845 1526; baseline 0.005 -12"><span class='ocrx_word' id='word_1_207' title='bbox 277 1478 427 1516; x_wconf 82' lang='lat' dir='ltr'>Exeter</span> <span class='ocrx_word' id='word_1_208' title='bbox 443 1492 453 1525; x_wconf 79' lang='lat'>3</span> <span class='ocrx_word' id='word_1_209' title='bbox 481 1479 845 1526; x_wconf 63' lang='lat' dir='ltr'>Pe‘niteuciaria,-</span> 
     </span>
    </p>

    <p class='ocr_par' dir='ltr' id='par_1_11' title="bbox 280 1533 1709 1743">
     <span class='ocr_line' id='line_1_26' title="bbox 280 1533 1706 1577; baseline 0.002 -14"><span class='ocrx_word' id='word_1_210' title='bbox 280 1533 380 1572; x_wconf 87' lang='lat' dir='ltr'>Item,</span> <span class='ocrx_word' id='word_1_211' title='bbox 398 1534 537 1573; x_wconf 85' lang='lat' dir='ltr'>ibidem,</span> <span class='ocrx_word' id='word_1_212' title='bbox 561 1535 654 1565; x_wconf 73' lang='lat' dir='ltr'>xixno</span> <span class='ocrx_word' id='word_1_213' title='bbox 679 1534 771 1575; x_wconf 86' lang='lat' dir='ltr'>[die]</span> <span class='ocrx_word' id='word_1_214' title='bbox 798 1537 955 1577; x_wconf 81' lang='lat' dir='ltr'>ejusdem</span> <span class='ocrx_word' id='word_1_215' title='bbox 980 1537 1110 1567; x_wconf 86' lang='lat' dir='ltr'>mensis</span> <span class='ocrx_word' id='word_1_216' title='bbox 1136 1536 1324 1575; x_wconf 78' lang='lat' dir='ltr'>Februarii,</span> <span class='ocrx_word' id='word_1_217' title='bbox 1344 1537 1512 1568; x_wconf 87' lang='lat' dir='ltr'>Dominus</span> <span class='ocrx_word' id='word_1_218' title='bbox 1537 1537 1706 1567; x_wconf 87' lang='lat' dir='ltr'>concessit</span> 
     </span>
     <span class='ocr_line' id='line_1_27' title="bbox 323 1578 1706 1620; baseline 0.001 -12"><span class='ocrx_word' id='word_1_219' title='bbox 323 1578 521 1609; x_wconf 87' lang='lat' dir='ltr'>Licenciam</span> <span class='ocrx_word' id='word_1_220' title='bbox 545 1580 660 1610; x_wconf 87' lang='lat' dir='ltr'>Fratri</span> <span class='ocrx_word' id='word_1_221' title='bbox 683 1580 814 1611; x_wconf 88' lang='lat' dir='ltr'>Thome</span> <span class='ocrx_word' id='word_1_222' title='bbox 838 1581 1039 1620; x_wconf 68' lang='lat' dir='ltr'>Haytfelde,</span> <span class='ocrx_word' id='word_1_223' title='bbox 1066 1581 1206 1612; x_wconf 88' lang='lat' dir='ltr'>Ordinis</span> <span class='ocrx_word' id='word_1_224' title='bbox 1232 1581 1393 1611; x_wconf 84' lang='lat' dir='ltr'>Fratrum</span> <span class='ocrx_word' id='word_1_225' title='bbox 1418 1581 1590 1611; x_wconf 85' lang='lat' dir='ltr'>Minorum</span> <span class='ocrx_word' id='word_1_226' title='bbox 1620 1581 1706 1611; x_wconf 85' lang='lat' dir='ltr'>Con-</span> 
     </span>
     <span class='ocr_line' id='line_1_28' title="bbox 323 1623 1705 1665; baseline 0.001 -13"><span class='ocrx_word' id='word_1_227' title='bbox 323 1626 448 1654; x_wconf 83' lang='lat' dir='ltr'>ventus</span> <span class='ocrx_word' id='word_1_228' title='bbox 474 1623 689 1661; x_wconf 83' lang='lat' dir='ltr'>Exoniensis,</span> <span class='ocrx_word' id='word_1_229' title='bbox 715 1625 759 1654; x_wconf 84' lang='lat' dir='ltr'>ad</span> <span class='ocrx_word' id='word_1_230' title='bbox 783 1625 1006 1663; x_wconf 78' lang='lat' dir='ltr'>audiendum,</span> <span class='ocrx_word' id='word_1_231' title='bbox 1032 1629 1108 1663; x_wconf 89' lang='lat' dir='ltr'>etc.,</span> <span class='ocrx_word' id='word_1_232' title='bbox 1133 1628 1172 1655; x_wconf 83' lang='lat' dir='ltr'>ut</span> <span class='ocrx_word' id='word_1_233' title='bbox 1197 1635 1321 1665; x_wconf 79' lang='lat' dir='ltr'>supra3</span> <span class='ocrx_word' id='word_1_234' title='bbox 1356 1635 1464 1664; x_wconf 80' lang='lat' dir='ltr'>usque</span> <span class='ocrx_word' id='word_1_235' title='bbox 1490 1625 1705 1655; x_wconf 78' lang='lat' dir='ltr'>Dominicam</span> 
     </span>
     <span class='ocr_line' id='line_1_29' title="bbox 323 1668 1709 1707; baseline 0.001 -10"><span class='ocrx_word' id='word_1_236' title='bbox 323 1677 390 1706; x_wconf 79' lang='lat' dir='ltr'>qua</span> <span class='ocrx_word' id='word_1_237' title='bbox 415 1670 578 1698; x_wconf 84' lang='lat' dir='ltr'>cantatur</span> <span class='ocrx_word' id='word_1_238' title='bbox 607 1668 767 1699; x_wconf 89' lang='lat' dir='ltr'>Officium</span> <span class='ocrx_word' id='word_1_239' title='bbox 794 1669 996 1707; x_wconf 72' lang='lat' dir='ltr'>Qnasimoclo</span> <span class='ocrx_word' id='word_1_240' title='bbox 1028 1670 1133 1707; x_wconf 58' lang='lat' dir='ltr'>geniti</span> <span class='ocrx_word' id='word_1_241' title='bbox 1165 1672 1249 1700; x_wconf 90' lang='lat' dir='ltr'>tunc</span> <span class='ocrx_word' id='word_1_242' title='bbox 1282 1669 1437 1699; x_wconf 83' lang='lat' dir='ltr'>suturam</span> <span class='ocrx_word' id='word_1_243' title='bbox 1464 1669 1709 1700; x_wconf 87' lang='lat' dir='ltr'>tantummodo</span> 
     </span>
     <span class='ocr_line' id='line_1_30' title="bbox 323 1711 538 1743; baseline 0.005 -2"><span class='ocrx_word' id='word_1_244' title='bbox 323 1711 538 1743; x_wconf 83' lang='lat' dir='ltr'>duraturam.</span> 
     </span>
    </p>
   </div>
   <div class='ocr_carea' id='block_1_6' title="bbox 275 1759 1710 1903">
    <p class='ocr_par' dir='ltr' id='par_1_12' title="bbox 275 1759 1710 1903">
     <span class='ocr_line' id='line_1_31' title="bbox 275 1759 1124 1808; baseline 0.004 -12"><span class='ocrx_word' id='word_1_245' title='bbox 275 1759 477 1806; x_wconf 83' lang='lat' dir='ltr'>Tiverton,</span> <span class='ocrx_word' id='word_1_246' title='bbox 501 1761 569 1799; x_wconf 90' lang='lat' dir='ltr'>the</span> <span class='ocrx_word' id='word_1_247' title='bbox 590 1761 815 1800; x_wconf 82' lang='lat' dir='ltr'>Prebendal</span> <span class='ocrx_word' id='word_1_248' title='bbox 836 1762 995 1799; x_wconf 86' lang='lat' dir='ltr'>Church</span> <span class='ocrx_word' id='word_1_249' title='bbox 1017 1762 1124 1808; x_wconf 74' lang='lat' dir='ltr'>of,—</span> 
     </span>
     <span class='ocr_line' id='line_1_32' title="bbox 280 1815 1710 1858; baseline 0.001 -13"><span class='ocrx_word' id='word_1_250' title='bbox 280 1815 424 1847; x_wconf 85' lang='lat' dir='ltr'>Licence</span> <span class='ocrx_word' id='word_1_251' title='bbox 442 1817 592 1856; x_wconf 82' lang='lat' dir='ltr'>granted</span> <span class='ocrx_word' id='word_1_252' title='bbox 609 1820 645 1847; x_wconf 84' lang='lat' dir='ltr'>to</span> <span class='ocrx_word' id='word_1_253' title='bbox 663 1817 815 1848; x_wconf 83' lang='lat' dir='ltr'>Richard</span> <span class='ocrx_word' id='word_1_254' title='bbox 834 1818 987 1858; x_wconf 67' lang='lat' dir='ltr'>Gurney,</span> <span class='ocrx_word' id='word_1_255' title='bbox 1006 1818 1189 1848; x_wconf 83' lang='lat' dir='ltr'>Portioner</span> <span class='ocrx_word' id='word_1_256' title='bbox 1206 1818 1242 1848; x_wconf 85' lang='lat' dir='ltr'>of</span> <span class='ocrx_word' id='word_1_257' title='bbox 1266 1818 1324 1848; x_wconf 81' lang='lat' dir='ltr'>the</span> <span class='ocrx_word' id='word_1_258' title='bbox 1352 1817 1486 1848; x_wconf 69' lang='lat' dir='ltr'>Second</span> <span class='ocrx_word' id='word_1_259' title='bbox 1503 1817 1656 1855; x_wconf 82' lang='lat' dir='ltr'>Portion,</span> <span class='ocrx_word' id='word_1_260' title='bbox 1675 1822 1710 1847; x_wconf 76' lang='lat' dir='ltr'>to</span> 
     </span>
     <span class='ocr_line' id='line_1_33' title="bbox 323 1861 1488 1903; baseline 0.003 -13"><span class='ocrx_word' id='word_1_261' title='bbox 323 1861 427 1900; x_wconf 65' lang='lat' dir='ltr'>study</span> <span class='ocrx_word' id='word_1_262' title='bbox 444 1863 480 1891; x_wconf 85' lang='lat' dir='ltr'>at</span> <span class='ocrx_word' id='word_1_263' title='bbox 499 1862 631 1892; x_wconf 81' lang='lat' dir='ltr'>Oxford</span> <span class='ocrx_word' id='word_1_264' title='bbox 649 1862 701 1892; x_wconf 89' lang='lat' dir='ltr'>till</span> <span class='ocrx_word' id='word_1_265' title='bbox 719 1862 948 1893; x_wconf 83' lang='lat' dir='ltr'>Michaelmas</span> <span class='ocrx_word' id='word_1_266' title='bbox 972 1866 1055 1893; x_wconf 82' lang='lat' dir='ltr'>next</span> <span class='ocrx_word' id='word_1_267' title='bbox 1076 1861 1298 1903; x_wconf 75' lang='lat' dir='ltr'>(Chudlcig&#39;n,</span> <span class='ocrx_word' id='word_1_268' title='bbox 1317 1863 1359 1893; x_wconf 77' lang='lat'>26</span> <span class='ocrx_word' id='word_1_269' title='bbox 1377 1862 1488 1901; x_wconf 60' lang='lat' dir='ltr'>Feb).</span> 
     </span>
    </p>
   </div>
   <div class='ocr_carea' id='block_1_7' title="bbox 276 1913 1708 2097">
    <p class='ocr_par' dir='ltr' id='par_1_13' title="bbox 276 1913 741 1965">
     <span class='ocr_line' id='line_1_34' title="bbox 276 1913 741 1965; baseline -0.022 -13"><span class='ocrx_word' id='word_1_270' title='bbox 276 1913 684 1965; x_wconf 42' lang='lat' dir='ltr'>Lettrers-Dimissory,</span> <span class='ocrx_word' id='word_1_271' title='bbox 694 1939 741 1943; x_wconf 57' lang='lat'>—</span> 
     </span>
    </p>

    <p class='ocr_par' dir='ltr' id='par_1_14' title="bbox 276 1968 1708 2053">
     <span class='ocr_line' id='line_1_35' title="bbox 276 1968 1708 2043; baseline -0.013 -4"><span class='ocrx_word' id='word_1_272' title='bbox 276 1968 611 2043; x_wconf 29' lang='lat' dir='ltr'>§gillaissslssl‘zffnyeg</span> <span class='ocrx_word' id='word_1_273' title='bbox 700 1973 719 2026; x_wconf 55' lang='lat'>&gt;</span> <span class='ocrx_word' id='word_1_274' title='bbox 737 1993 911 2031; x_wconf 86' lang='lat' dir='ltr'>accolites‚</span> <span class='ocrx_word' id='word_1_275' title='bbox 930 1993 1002 2024; x_wconf 88' lang='lat' dir='ltr'>“ad</span> <span class='ocrx_word' id='word_1_276' title='bbox 1019 2003 1139 2024; x_wconf 87' lang='lat' dir='ltr'>omnes</span> <span class='ocrx_word' id='word_1_277' title='bbox 1158 1994 1280 2024; x_wconf 82' lang='lat' dir='ltr'>Sacros</span> <span class='ocrx_word' id='word_1_278' title='bbox 1299 1992 1472 2023; x_wconf 80' lang='lat' dir='ltr'>Ordines’&#39;</span> <span class='ocrx_word' id='word_1_279' title='bbox 1489 1992 1708 2031; x_wconf 69' lang='lat' dir='ltr'>(Chudleigh,</span> 
     </span>
     <span class='ocr_line' id='line_1_36' title="bbox 461 2015 876 2053; baseline -0.034 -2"><span class='ocrx_word' id='word_1_280' title='bbox 461 2024 483 2053; x_wconf 55' lang='grc' dir='ltr'>ἐξ</span> <span class='ocrx_word' id='word_1_281' title='bbox 510 2025 522 2049; x_wconf 61' lang='lat'><em>5</em></span> <span class='ocrx_word' id='word_1_282' title='bbox 534 2015 603 2053; x_wconf 70' lang='lat' dir='ltr'>the,</span> <span class='ocrx_word' id='word_1_283' title='bbox 621 2015 690 2045; x_wconf 88' lang='lat' dir='ltr'>and</span> <span class='ocrx_word' id='word_1_284' title='bbox 782 2041 788 2050; x_wconf 39' lang='grc' dir='ltr'>ι</span> <span class='ocrx_word' id='word_1_285' title='bbox 804 2045 805 2048; x_wconf 16' lang='lat'>¹</span> <span class='ocrx_word' id='word_1_286' title='bbox 867 2038 876 2048; x_wconf 54' lang='lat'>,</span> 
     </span>
    </p>

    <p class='ocr_par' dir='ltr' id='par_1_15' title="bbox 277 2036 957 2097">
     <span class='ocr_line' id='line_1_37' title="bbox 277 2036 957 2097; baseline -0.021 -10"><span class='ocrx_word' id='word_1_287' title='bbox 277 2057 428 2087; x_wconf 83' lang='lat' dir='ltr'>william</span> <span class='ocrx_word' id='word_1_288' title='bbox 446 2047 606 2097; x_wconf 67' lang='lat' dir='ltr'>Thomas,</span> <span class='ocrx_word' id='word_1_289' title='bbox 707 2036 719 2085; x_wconf 54' lang='lat' dir='ltr'>S</span> <span class='ocrx_word' id='word_1_290' title='bbox 781 2037 823 2069; x_wconf 62' lang='lat'>27</span> <span class='ocrx_word' id='word_1_291' title='bbox 850 2037 957 2074; x_wconf 51' lang='lat' dir='ltr'>Feb)-</span> 
     </span>
    </p>
   </div>
   <div class='ocr_carea' id='block_1_8' title="bbox 166 2110 1709 2924">
    <p class='ocr_par' dir='ltr' id='par_1_16' title="bbox 166 2110 1708 2213">
     <span class='ocr_line' id='line_1_38' title="bbox 166 2110 1708 2173; baseline 0.001 -26"><span class='ocrx_word' id='word_1_292' title='bbox 166 2110 479 2173; x_wconf 46' lang='lat' dir='ltr'>[Cllffissl&#39;sownstal</span> <span class='ocrx_word' id='word_1_293' title='bbox 497 2125 506 2158; x_wconf 76' lang='lat'>3</span> <span class='ocrx_word' id='word_1_294' title='bbox 538 2113 706 2151; x_wconf 66' lang='lat' dir='ltr'>Monicio</span> <span class='ocrx_word' id='word_1_295' title='bbox 726 2115 827 2162; x_wconf 64' lang='lat' dir='ltr'>quod</span> <span class='ocrx_word' id='word_1_296' title='bbox 846 2115 991 2150; x_wconf 68' lang='lat' dir='ltr'>subditi</span> <span class='ocrx_word' id='word_1_297' title='bbox 1010 2128 1084 2151; x_wconf 72' lang='lat' dir='ltr'>uon</span> <span class='ocrx_word' id='word_1_298' title='bbox 1108 2115 1297 2162; x_wconf 67' lang='lat' dir='ltr'>recipiunt</span> <span class='ocrx_word' id='word_1_299' title='bbox 1319 2113 1567 2150; x_wconf 70' lang='lat' dir='ltr'>Sacramenta</span> <span class='ocrx_word' id='word_1_300' title='bbox 1587 2112 1664 2149; x_wconf 72' lang='lat' dir='ltr'>nisi</span> <span class='ocrx_word' id='word_1_301' title='bbox 1683 2126 1708 2148; x_wconf 83' lang='lat' dir='ltr'>a</span> 
     </span>
     <span class='ocr_line' id='line_1_39' title="bbox 238 2165 654 2213; baseline 0 -10"><span class='ocrx_word' id='word_1_302' title='bbox 238 2165 242 2169; x_wconf 77' lang='grc'><strong>’</strong></span> <span class='ocrx_word' id='word_1_303' title='bbox 332 2166 364 2203; x_wconf 90' lang='lat' dir='ltr'><em>C</em></span> <span class='ocrx_word' id='word_1_304' title='bbox 366 2167 492 2203; x_wconf 66' lang='lat' dir='ltr'>aratis</span> <span class='ocrx_word' id='word_1_305' title='bbox 511 2168 654 2213; x_wconf 46' lang='lat' dir='ltr'>suiss-m</span> 
     </span>
    </p>

    <p class='ocr_par' dir='ltr' id='par_1_17' title="bbox 280 2220 1707 2527">
     <span class='ocr_line' id='line_1_40' title="bbox 280 2220 1707 2262; baseline 0 -12"><span class='ocrx_word' id='word_1_306' title='bbox 280 2220 440 2259; x_wconf 85' lang='lat' dir='ltr'>Thomas,</span> <span class='ocrx_word' id='word_1_307' title='bbox 466 2224 542 2259; x_wconf 89' lang='lat' dir='ltr'>etc.,</span> <span class='ocrx_word' id='word_1_308' title='bbox 560 2222 700 2253; x_wconf 81' lang='lat' dir='ltr'>Decano</span> <span class='ocrx_word' id='word_1_309' title='bbox 725 2222 896 2261; x_wconf 77' lang='lat' dir='ltr'>Tottonie,</span> <span class='ocrx_word' id='word_1_310' title='bbox 922 2226 956 2253; x_wconf 86' lang='lat' dir='ltr'>et</span> <span class='ocrx_word' id='word_1_311' title='bbox 971 2223 1128 2262; x_wconf 70' lang='lat' dir='ltr'>‘singulis</span> <span class='ocrx_word' id='word_1_312' title='bbox 1153 2222 1293 2253; x_wconf 84' lang='lat' dir='ltr'>Curatis</span> <span class='ocrx_word' id='word_1_313' title='bbox 1317 2222 1473 2262; x_wconf 85' lang='lat' dir='ltr'>ejusdem</span> <span class='ocrx_word' id='word_1_314' title='bbox 1499 2222 1707 2258; x_wconf 85' lang='lat' dir='ltr'>Decanatus,</span> 
     </span>
     <span class='ocr_line' id='line_1_41' title="bbox 326 2265 1706 2305; baseline 0 -11"><span class='ocrx_word' id='word_1_315' title='bbox 326 2265 485 2303; x_wconf 83' lang='lat' dir='ltr'>salutem,</span> <span class='ocrx_word' id='word_1_316' title='bbox 510 2266 723 2305; x_wconf 65' lang='lat' dir='ltr'>etc—Cum,</span> <span class='ocrx_word' id='word_1_317' title='bbox 749 2267 939 2297; x_wconf 88' lang='lat' dir='ltr'>secundum</span> <span class='ocrx_word' id='word_1_318' title='bbox 966 2267 1157 2298; x_wconf 86' lang='lat' dir='ltr'>Concilium</span> <span class='ocrx_word' id='word_1_319' title='bbox 1186 2267 1365 2304; x_wconf 75' lang='lat' dir='ltr'>Generale,</span> <span class='ocrx_word' id='word_1_320' title='bbox 1390 2266 1503 2296; x_wconf 82' lang='lat' dir='ltr'>omnis</span> <span class='ocrx_word' id='word_1_321' title='bbox 1526 2265 1706 2304; x_wconf 83' lang='lat' dir='ltr'>utriusque</span> 
     </span>
     <span class='ocr_line' id='line_1_42' title="bbox 325 2309 1706 2351; baseline 0 -13"><span class='ocrx_word' id='word_1_322' title='bbox 325 2319 427 2339; x_wconf 81' lang='lat' dir='ltr'>sexus</span> <span class='ocrx_word' id='word_1_323' title='bbox 452 2310 572 2348; x_wconf 86' lang='lat' dir='ltr'>fidelis,</span> <span class='ocrx_word' id='word_1_324' title='bbox 599 2317 783 2351; x_wconf 84' lang='lat' dir='ltr'>postquam</span> <span class='ocrx_word' id='word_1_325' title='bbox 809 2312 852 2341; x_wconf 87' lang='lat' dir='ltr'>ad</span> <span class='ocrx_word' id='word_1_326' title='bbox 876 2322 986 2342; x_wconf 85' lang='lat' dir='ltr'>annos</span> <span class='ocrx_word' id='word_1_327' title='bbox 1012 2311 1234 2342; x_wconf 80' lang='lat' dir='ltr'>discrecionis</span> <span class='ocrx_word' id='word_1_328' title='bbox 1259 2310 1467 2351; x_wconf 80' lang='lat' dir='ltr'>pervenerit,</span> <span class='ocrx_word' id='word_1_329' title='bbox 1493 2309 1610 2340; x_wconf 87' lang='lat' dir='ltr'>omnia</span> <span class='ocrx_word' id='word_1_330' title='bbox 1634 2319 1706 2346; x_wconf 87' lang='lat' dir='ltr'>sua,</span> 
     </span>
     <span class='ocr_line' id='line_1_43' title="bbox 326 2354 1706 2394; baseline -0.001 -11"><span class='ocrx_word' id='word_1_331' title='bbox 326 2354 428 2392; x_wconf 85' lang='lat' dir='ltr'>solus,</span> <span class='ocrx_word' id='word_1_332' title='bbox 446 2358 599 2393; x_wconf 73' lang='lat' dir='ltr'>peccata,</span> <span class='ocrx_word' id='word_1_333' title='bbox 618 2356 741 2385; x_wconf 86' lang='lat' dir='ltr'>saltem</span> <span class='ocrx_word' id='word_1_334' title='bbox 769 2356 874 2386; x_wconf 87' lang='lat' dir='ltr'>semel</span> <span class='ocrx_word' id='word_1_335' title='bbox 900 2356 936 2386; x_wconf 88' lang='lat' dir='ltr'>in</span> <span class='ocrx_word' id='word_1_336' title='bbox 963 2366 1064 2394; x_wconf 88' lang='lat' dir='ltr'>anno,</span> <span class='ocrx_word' id='word_1_337' title='bbox 1083 2355 1233 2385; x_wconf 82' lang='lat' dir='ltr'>fideliter</span> <span class='ocrx_word' id='word_1_338' title='bbox 1257 2354 1414 2385; x_wconf 84' lang='lat' dir='ltr'>confiteri</span> <span class='ocrx_word' id='word_1_339' title='bbox 1438 2354 1578 2393; x_wconf 82' lang='lat' dir='ltr'>proprio</span> <span class='ocrx_word' id='word_1_340' title='bbox 1596 2363 1706 2383; x_wconf 83' lang='lat' dir='ltr'>sacer-</span> 
     </span>
     <span class='ocr_line' id='line_1_44' title="bbox 325 2397 1707 2439; baseline -0.001 -12"><span class='ocrx_word' id='word_1_341' title='bbox 325 2397 408 2435; x_wconf 82' lang='lat' dir='ltr'>doti,</span> <span class='ocrx_word' id='word_1_342' title='bbox 440 2401 475 2428; x_wconf 88' lang='lat' dir='ltr'>et</span> <span class='ocrx_word' id='word_1_343' title='bbox 500 2399 695 2438; x_wconf 84' lang='lat' dir='ltr'>injunctam</span> <span class='ocrx_word' id='word_1_344' title='bbox 725 2399 789 2429; x_wconf 86' lang='lat' dir='ltr'>sibi</span> <span class='ocrx_word' id='word_1_345' title='bbox 817 2400 1051 2439; x_wconf 85' lang='lat' dir='ltr'>penitenciam</span> <span class='ocrx_word' id='word_1_346' title='bbox 1081 2400 1271 2438; x_wconf 84' lang='lat' dir='ltr'>adimplere</span> <span class='ocrx_word' id='word_1_347' title='bbox 1294 2409 1357 2437; x_wconf 87' lang='lat' dir='ltr'>pro</span> <span class='ocrx_word' id='word_1_348' title='bbox 1381 2398 1511 2428; x_wconf 85' lang='lat' dir='ltr'>viribus</span> <span class='ocrx_word' id='word_1_349' title='bbox 1535 2400 1707 2434; x_wconf 82' lang='lat' dir='ltr'>teneatur,</span> 
     </span>
     <span class='ocr_line' id='line_1_45' title="bbox 323 2442 1707 2481; baseline -0.001 -10"><span class='ocrx_word' id='word_1_350' title='bbox 323 2442 515 2481; x_wconf 85' lang='lat' dir='ltr'>suscipiens</span> <span class='ocrx_word' id='word_1_351' title='bbox 540 2446 750 2481; x_wconf 84' lang='lat' dir='ltr'>reverenter,</span> <span class='ocrx_word' id='word_1_352' title='bbox 768 2444 811 2473; x_wconf 86' lang='lat' dir='ltr'>ad</span> <span class='ocrx_word' id='word_1_353' title='bbox 836 2444 952 2474; x_wconf 88' lang='lat' dir='ltr'>minus</span> <span class='ocrx_word' id='word_1_354' title='bbox 975 2445 1010 2474; x_wconf 86' lang='lat' dir='ltr'>in</span> <span class='ocrx_word' id='word_1_355' title='bbox 1037 2444 1180 2480; x_wconf 76' lang='lat' dir='ltr'>Pascha,</span> <span class='ocrx_word' id='word_1_356' title='bbox 1207 2442 1404 2473; x_wconf 87' lang='lat' dir='ltr'>Eukaristie</span> <span class='ocrx_word' id='word_1_357' title='bbox 1431 2442 1707 2478; x_wconf 76' lang='lat' dir='ltr'>Sacramentum,</span> 
     </span>
     <span class='ocr_line' id='line_1_46' title="bbox 324 2486 1707 2527; baseline 0 -13"><span class='ocrx_word' id='word_1_358' title='bbox 324 2486 389 2515; x_wconf 87' lang='lat' dir='ltr'>nisi</span> <span class='ocrx_word' id='word_1_359' title='bbox 404 2486 495 2516; x_wconf 80' lang='lat' dir='ltr'>forte</span> <span class='ocrx_word' id='word_1_360' title='bbox 508 2487 548 2517; x_wconf 79' lang='lat' dir='ltr'>(le</span> <span class='ocrx_word' id='word_1_361' title='bbox 560 2487 690 2527; x_wconf 85' lang='lat' dir='ltr'>proprii</span> <span class='ocrx_word' id='word_1_362' title='bbox 705 2489 895 2518; x_wconf 84' lang='lat' dir='ltr'>sacerdotis</span> <span class='ocrx_word' id='word_1_363' title='bbox 909 2488 1061 2527; x_wconf 84' lang='lat' dir='ltr'>consilio,</span> <span class='ocrx_word' id='word_1_364' title='bbox 1076 2488 1118 2517; x_wconf 88' lang='lat' dir='ltr'>ob</span> <span class='ocrx_word' id='word_1_365' title='bbox 1131 2488 1281 2527; x_wconf 81' lang='lat' dir='ltr'>aliquam</span> <span class='ocrx_word' id='word_1_366' title='bbox 1296 2486 1542 2517; x_wconf 84' lang='lat' dir='ltr'>racionabilem</span> <span class='ocrx_word' id='word_1_367' title='bbox 1556 2495 1707 2523; x_wconf 87' lang='lat' dir='ltr'>causam,</span> 
     </span>
    </p>

    <p class='ocr_par' dir='ltr' id='par_1_18' title="bbox 321 2529 1709 2924">
     <span class='ocr_line' id='line_1_47' title="bbox 323 2529 1707 2571; baseline 0 -12"><span class='ocrx_word' id='word_1_368' title='bbox 323 2530 366 2559; x_wconf 87' lang='lat' dir='ltr'>ad</span> <span class='ocrx_word' id='word_1_369' title='bbox 394 2533 532 2570; x_wconf 88' lang='lat' dir='ltr'>tempus</span> <span class='ocrx_word' id='word_1_370' title='bbox 560 2531 603 2561; x_wconf 86' lang='lat' dir='ltr'>ab</span> <span class='ocrx_word' id='word_1_371' title='bbox 631 2532 789 2570; x_wconf 81' lang='lat' dir='ltr'>ejusdem</span> <span class='ocrx_word' id='word_1_372' title='bbox 817 2533 1043 2571; x_wconf 87' lang='lat' dir='ltr'>percepcione</span> <span class='ocrx_word' id='word_1_373' title='bbox 1075 2532 1213 2562; x_wconf 84' lang='lat' dir='ltr'>duxerit</span> <span class='ocrx_word' id='word_1_374' title='bbox 1245 2531 1512 2567; x_wconf 81' lang='lat' dir='ltr'>abstinendum3</span> <span class='ocrx_word' id='word_1_375' title='bbox 1545 2529 1707 2569; x_wconf 86' lang='lat' dir='ltr'>alioquin,</span> 
     </span>
     <span class='ocr_line' id='line_1_48' title="bbox 323 2574 1707 2614; baseline 0 -11"><span class='ocrx_word' id='word_1_376' title='bbox 323 2574 443 2605; x_wconf 81' lang='lat' dir='ltr'>vivens</span> <span class='ocrx_word' id='word_1_377' title='bbox 460 2575 504 2605; x_wconf 85' lang='lat' dir='ltr'>ab</span> <span class='ocrx_word' id='word_1_378' title='bbox 521 2575 681 2614; x_wconf 81' lang='lat' dir='ltr'>ingressu</span> <span class='ocrx_word' id='word_1_379' title='bbox 706 2576 858 2606; x_wconf 85' lang='lat' dir='ltr'>Ecclesie</span> <span class='ocrx_word' id='word_1_380' title='bbox 876 2577 921 2606; x_wconf 87' lang='lat' dir='ltr'>sit</span> <span class='ocrx_word' id='word_1_381' title='bbox 938 2576 1119 2614; x_wconf 76' lang='lat' dir='ltr'>arcendus,</span> <span class='ocrx_word' id='word_1_382' title='bbox 1136 2578 1172 2605; x_wconf 88' lang='lat' dir='ltr'>et</span> <span class='ocrx_word' id='word_1_383' title='bbox 1188 2576 1340 2605; x_wconf 88' lang='lat' dir='ltr'>moriens</span> <span class='ocrx_word' id='word_1_384' title='bbox 1365 2574 1566 2605; x_wconf 86' lang='lat' dir='ltr'>Christiana</span> <span class='ocrx_word' id='word_1_385' title='bbox 1589 2583 1707 2603; x_wconf 85' lang='lat' dir='ltr'>carere</span> 
     </span>
     <span class='ocr_line' id='line_1_49' title="bbox 322 2618 1706 2659; baseline 0 -12"><span class='ocrx_word' id='word_1_386' title='bbox 322 2618 448 2648; x_wconf 85' lang='lat' dir='ltr'>debeat</span> <span class='ocrx_word' id='word_1_387' title='bbox 466 2620 664 2658; x_wconf 77' lang='lat' dir='ltr'>sepultura3</span> <span class='ocrx_word' id='word_1_388' title='bbox 689 2621 872 2659; x_wconf 83' lang='lat' dir='ltr'>nullusque</span> <span class='ocrx_word' id='word_1_389' title='bbox 890 2621 1002 2651; x_wconf 83' lang='lat' dir='ltr'>alieno</span> <span class='ocrx_word' id='word_1_390' title='bbox 1025 2620 1197 2650; x_wconf 85' lang='lat' dir='ltr'>sacerdoti</span> <span class='ocrx_word' id='word_1_391' title='bbox 1223 2629 1285 2650; x_wconf 86' lang='lat' dir='ltr'>sua</span> <span class='ocrx_word' id='word_1_392' title='bbox 1309 2619 1466 2649; x_wconf 86' lang='lat' dir='ltr'>confiteri</span> <span class='ocrx_word' id='word_1_393' title='bbox 1492 2619 1607 2648; x_wconf 81' lang='lat' dir='ltr'>valeat</span> <span class='ocrx_word' id='word_1_394' title='bbox 1630 2627 1706 2657; x_wconf 86' lang='lat' dir='ltr'>pec-</span> 
     </span>
     <span class='ocr_line' id='line_1_50' title="bbox 321 2661 1707 2704; baseline -0.001 -13"><span class='ocrx_word' id='word_1_395' title='bbox 321 2665 409 2700; x_wconf 83' lang='lat' dir='ltr'>cata,</span> <span class='ocrx_word' id='word_1_396' title='bbox 428 2663 494 2693; x_wconf 86' lang='lat' dir='ltr'>nisi</span> <span class='ocrx_word' id='word_1_397' title='bbox 511 2663 606 2703; x_wconf 83' lang='lat' dir='ltr'>justa</span> <span class='ocrx_word' id='word_1_398' title='bbox 624 2664 665 2694; x_wconf 88' lang='lat' dir='ltr'>de</span> <span class='ocrx_word' id='word_1_399' title='bbox 683 2674 786 2694; x_wconf 87' lang='lat' dir='ltr'>causa</span> <span class='ocrx_word' id='word_1_400' title='bbox 803 2664 997 2695; x_wconf 81' lang='lat' dir='ltr'>Lice-nciam</span> <span class='ocrx_word' id='word_1_401' title='bbox 1021 2665 1118 2704; x_wconf 85' lang='lat' dir='ltr'>prius</span> <span class='ocrx_word' id='word_1_402' title='bbox 1134 2664 1288 2703; x_wconf 82' lang='lat' dir='ltr'>postulet</span> <span class='ocrx_word' id='word_1_403' title='bbox 1305 2666 1340 2693; x_wconf 88' lang='lat' dir='ltr'>et</span> <span class='ocrx_word' id='word_1_404' title='bbox 1357 2663 1515 2702; x_wconf 84' lang='lat' dir='ltr'>optineat</span> <span class='ocrx_word' id='word_1_405' title='bbox 1531 2672 1552 2691; x_wconf 87' lang='lat' dir='ltr'>a</span> <span class='ocrx_word' id='word_1_406' title='bbox 1568 2661 1707 2701; x_wconf 86' lang='lat' dir='ltr'>proprio</span> 
     </span>
     <span class='ocr_line' id='line_1_51' title="bbox 323 2705 1706 2748; baseline -0.001 -13"><span class='ocrx_word' id='word_1_407' title='bbox 323 2707 512 2741; x_wconf 81' lang='lat' dir='ltr'>sacerdote,</span> <span class='ocrx_word' id='word_1_408' title='bbox 530 2718 609 2737; x_wconf 87' lang='lat' dir='ltr'>cum</span> <span class='ocrx_word' id='word_1_409' title='bbox 626 2708 729 2738; x_wconf 84' lang='lat' dir='ltr'>aliter</span> <span class='ocrx_word' id='word_1_410' title='bbox 745 2708 818 2747; x_wconf 88' lang='lat' dir='ltr'>ipse</span> <span class='ocrx_word' id='word_1_411' title='bbox 835 2709 933 2738; x_wconf 89' lang='lat' dir='ltr'>illum</span> <span class='ocrx_word' id='word_1_412' title='bbox 950 2719 1019 2739; x_wconf 89' lang='lat' dir='ltr'>non</span> <span class='ocrx_word' id='word_1_413' title='bbox 1036 2708 1147 2748; x_wconf 83' lang='lat' dir='ltr'>possit</span> <span class='ocrx_word' id='word_1_414' title='bbox 1163 2708 1295 2738; x_wconf 88' lang='lat' dir='ltr'>solvere</span> <span class='ocrx_word' id='word_1_415' title='bbox 1312 2707 1367 2737; x_wconf 80' lang='lat' dir='ltr'>vel</span> <span class='ocrx_word' id='word_1_416' title='bbox 1390 2707 1517 2745; x_wconf 79' lang='lat' dir='ltr'>ligare3</span> <span class='ocrx_word' id='word_1_417' title='bbox 1542 2715 1583 2736; x_wconf 83' lang='lat' dir='ltr'>ex</span> <span class='ocrx_word' id='word_1_418' title='bbox 1601 2705 1706 2742; x_wconf 84' lang='lat' dir='ltr'>fama,</span> 
     </span>
     <span class='ocr_line' id='line_1_52' title="bbox 323 2749 1706 2792; baseline 0 -14"><span class='ocrx_word' id='word_1_419' title='bbox 323 2753 451 2788; x_wconf 81' lang='lat' dir='ltr'>tamen,</span> <span class='ocrx_word' id='word_1_420' title='bbox 468 2751 608 2790; x_wconf 81' lang='lat' dir='ltr'>publica</span> <span class='ocrx_word' id='word_1_421' title='bbox 632 2752 806 2782; x_wconf 82' lang='lat' dir='ltr'>referente</span> <span class='ocrx_word' id='word_1_422' title='bbox 825 2755 859 2782; x_wconf 88' lang='lat' dir='ltr'>et</span> <span class='ocrx_word' id='word_1_423' title='bbox 875 2753 961 2782; x_wconf 77' lang='lat' dir='ltr'>facti</span> <span class='ocrx_word' id='word_1_424' title='bbox 986 2751 1205 2792; x_wconf 84' lang='lat' dir='ltr'>experiencia</span> <span class='ocrx_word' id='word_1_425' title='bbox 1228 2751 1413 2781; x_wconf 87' lang='lat' dir='ltr'>didicimus</span> <span class='ocrx_word' id='word_1_426' title='bbox 1434 2750 1525 2789; x_wconf 89' lang='lat' dir='ltr'>quod</span> <span class='ocrx_word' id='word_1_427' title='bbox 1548 2749 1706 2779; x_wconf 89' lang='lat' dir='ltr'>nonnulli</span> 
     </span>
     <span class='ocr_line' id='line_1_53' title="bbox 323 2793 1707 2836; baseline -0.001 -13"><span class='ocrx_word' id='word_1_428' title='bbox 323 2793 388 2823; x_wconf 85' lang='lat' dir='ltr'>viri</span> <span class='ocrx_word' id='word_1_429' title='bbox 418 2794 664 2834; x_wconf 80' lang='lat' dir='ltr'>Ecclesiastici,</span> <span class='ocrx_word' id='word_1_430' title='bbox 698 2797 888 2836; x_wconf 81' lang='lat' dir='ltr'>chulares</span> <span class='ocrx_word' id='word_1_431' title='bbox 919 2798 954 2826; x_wconf 86' lang='lat' dir='ltr'>et</span> <span class='ocrx_word' id='word_1_432' title='bbox 986 2796 1176 2833; x_wconf 82' lang='lat' dir='ltr'>Seculares,</span> <span class='ocrx_word' id='word_1_433' title='bbox 1208 2798 1244 2825; x_wconf 82' lang='lat' dir='ltr'>et</span> <span class='ocrx_word' id='word_1_434' title='bbox 1274 2794 1459 2834; x_wconf 87' lang='lat' dir='ltr'>presertim</span> <span class='ocrx_word' id='word_1_435' title='bbox 1493 2794 1633 2823; x_wconf 78' lang='lat' dir='ltr'>Fratres</span> <span class='ocrx_word' id='word_1_436' title='bbox 1665 2793 1707 2822; x_wconf 91' lang='lat' dir='ltr'>de</span> 
     </span>
     <span class='ocr_line' id='line_1_54' title="bbox 325 2837 1706 2880; baseline -0.001 -13"><span class='ocrx_word' id='word_1_437' title='bbox 325 2838 452 2868; x_wconf 87' lang='lat' dir='ltr'>Ordine</span> <span class='ocrx_word' id='word_1_438' title='bbox 471 2839 760 2878; x_wconf 77' lang='lat' dir='ltr'>Mendicaucium,</span> <span class='ocrx_word' id='word_1_439' title='bbox 775 2850 815 2871; x_wconf 89' lang='lat' dir='ltr'>ac</span> <span class='ocrx_word' id='word_1_440' title='bbox 834 2840 1012 2880; x_wconf 89' lang='lat' dir='ltr'>Capellani</span> <span class='ocrx_word' id='word_1_441' title='bbox 1029 2841 1065 2870; x_wconf 88' lang='lat' dir='ltr'>in</span> <span class='ocrx_word' id='word_1_442' title='bbox 1082 2840 1175 2870; x_wconf 80' lang='lat' dir='ltr'>dicto</span> <span class='ocrx_word' id='word_1_443' title='bbox 1192 2840 1373 2870; x_wconf 85' lang='lat' dir='ltr'>Decanatu</span> <span class='ocrx_word' id='word_1_444' title='bbox 1385 2840 1421 2868; x_wconf 88' lang='lat' dir='ltr'>et</span> <span class='ocrx_word' id='word_1_445' title='bbox 1438 2838 1593 2868; x_wconf 87' lang='lat' dir='ltr'>Ecclesia</span> <span class='ocrx_word' id='word_1_446' title='bbox 1603 2837 1706 2867; x_wconf 84' lang='lat' dir='ltr'>Paro-</span> 
     </span>
     <span class='ocr_line' id='line_1_55' title="bbox 325 2880 1709 2924; baseline 0 -14"><span class='ocrx_word' id='word_1_447' title='bbox 325 2881 428 2911; x_wconf 85' lang='lat' dir='ltr'>chiali</span> <span class='ocrx_word' id='word_1_448' title='bbox 453 2883 495 2912; x_wconf 88' lang='lat' dir='ltr'>de</span> <span class='ocrx_word' id='word_1_449' title='bbox 519 2883 730 2922; x_wconf 86' lang='lat' dir='ltr'>Tounstalle,</span> <span class='ocrx_word' id='word_1_450' title='bbox 749 2894 788 2915; x_wconf 88' lang='lat' dir='ltr'>ac</span> <span class='ocrx_word' id='word_1_451' title='bbox 813 2884 958 2924; x_wconf 86' lang='lat' dir='ltr'>Capella</span> <span class='ocrx_word' id='word_1_452' title='bbox 981 2894 1072 2915; x_wconf 88' lang='lat' dir='ltr'>nova</span> <span class='ocrx_word' id='word_1_453' title='bbox 1094 2884 1131 2914; x_wconf 89' lang='lat' dir='ltr'>in</span> <span class='ocrx_word' id='word_1_454' title='bbox 1155 2883 1247 2914; x_wconf 82' lang='lat' dir='ltr'>Villa</span> <span class='ocrx_word' id='word_1_455' title='bbox 1271 2883 1312 2913; x_wconf 87' lang='lat' dir='ltr'>de</span> <span class='ocrx_word' id='word_1_456' title='bbox 1336 2881 1598 2919; x_wconf 82' lang='lat' dir='ltr'>Dertemouthe,</span> <span class='ocrx_word' id='word_1_457' title='bbox 1614 2880 1709 2911; x_wconf 84' lang='lat' dir='ltr'>infra</span> 
     </span>
    </p>
   </div>
  </div>
 </body>
</html>
