1907 3212
157 450 185 474 A,
195 449 230 474 D.

155 483 229 508 1388.

156 515 216 541 Vol.
234 515 256 541 l.

466 347 752 382 REGISTRUM
788 342 1237 380 οοΜΜΠΝΕ-ΑΝΝΟ
1276 334 1372 377 19⁰.
1593 330 1688 377 673

311 452 505 482 Monicione
519 452 560 482 de
571 450 755 482 reficiendo
764 449 962 491 hujusmodi
976 448 1145 486 defectus,
1153 446 1246 477 infra
1254 446 1339 476 duos
1350 455 1487 476 menses
1500 455 1520 475 a
1530 447 1687 485 tempore

311 496 516 526 Monicionis
532 496 696 526 continue
713 494 956 530 numerandos,
974 493 1034 530 eis,
1051 494 1087 522 et
1107 492 1261 531 ipsorum
1285 490 1437 528 cuilibet,
1455 499 1515 520 seu
1532 490 1686 529 ipsorum

311 540 607 577 Procuratoribus,
616 549 678 579 per
690 538 902 569 Senescallos
916 537 1007 567 dicte
1021 536 1173 566 Ecclesie
1188 535 1377 574 Collegiate
1390 534 1447 574 qui
1460 544 1522 573 pro
1530 536 1687 573 tempore

309 584 452 622 fuerint,
462 584 671 615 auctoritate
682 586 801 613 nostra
812 582 974 622 primitus
991 580 1146 619 legitime
1160 579 1264 617 facta,
1277 588 1422 616 exnunc,
1435 580 1539 617 prout
1550 580 1687 615 extunc,

311 628 472 658 duximus
489 628 767 668 sequestrandos,
785 627 820 656 in
838 635 920 656 usus
944 624 1207 664 reparacionum
1231 622 1431 662 hujusmodi
1455 632 1517 661 per
1532 621 1690 661 prefatos

312 672 526 703 Senescallos
543 670 1024 702 convertendos—Cn'rnRUM
1042 668 1252 705 ordinamus,
1270 667 1466 704 statuimus,
1485 669 1520 696 et
1537 666 1690 696 decerni-

312 726 389 746 mus
406 717 497 756 quod
515 716 667 746 Sacrista
683 715 774 745 dicte
792 714 945 745 Ecclesie
962 713 1186 753 quiscumque
1203 711 1261 750 qui
1278 721 1339 750 pro
1356 713 1512 749 tempore
1525 709 1634 740 fuerit
1649 709 1692 740 de

312 761 473 791 omnibus
489 763 525 791 et
542 760 688 799 singulis
704 759 826 796 Libris,
844 757 955 795 Vasis,
972 760 1006 786 et
1024 755 1247 786 Ornamentis
1260 755 1351 785 dicte
1369 754 1532 792 Ecclesie,
1546 763 1693 793 quorum

312 805 470 835 custodia
493 804 538 834 ad
561 805 675 843 ipsum
700 803 892 833 dinoscitur
914 801 1101 841 pertinere,
1124 800 1161 829 in
1183 799 1363 838 presencia
1379 798 1526 828 duorum
1547 798 1693 828 Canoni-

313 859 432 879 corum
449 849 558 888 ipsius
575 847 738 885 Ecclesie,
756 846 850 876 infra
860 855 1015 875 mensem
1027 854 1047 874 a
1057 846 1213 883 tempore
1225 843 1447 873 Induecionis
1458 852 1518 872 sue
1530 842 1694 872 continue

312 893 578 930 numerandum,
592 892 692 922 fidele
704 890 864 921 conficiat
878 888 1128 925 Inventarium,
1143 897 1205 927 per
1217 887 1359 917 modum
1377 886 1578 924 Indenture,
1595 886 1696 926 cujus

315 946 421 966 unam
438 939 575 976 partem
591 945 697 975 penes
714 934 863 965 eundem
882 933 1081 970 Sacristam,
1106 934 1141 962 et
1165 931 1269 961 aliam
1293 940 1400 970 penes
1424 930 1644 969 Prepositum
1660 932 1696 960 et

317 980 517 1020 Capitulum
534 980 691 1020 ejusdem
708 978 871 1016 Ecclesie,
888 978 925 1007 in
941 976 1117 1007 communi
1134 976 1231 1012 cista,
1248 975 1408 1005 volumus
1428 984 1628 1011 remanere;
1652 973 1697 1004 ad

316 1025 407 1064 quod
420 1034 506 1055 onus
524 1024 712 1054 Dominum
727 1022 924 1053 Galfridum
943 1021 1094 1057 Carowe,
1111 1029 1203 1049 nunc
1217 1019 1308 1049 dicte
1326 1018 1478 1048 Ecclesie
1497 1018 1697 1056 Saeristam,

316 1068 410 1099 infra
426 1079 582 1099 mensem
599 1078 619 1098 a
635 1070 791 1106 tempore
808 1065 1020 1105 recepcionis
1038 1063 1271 1101 Presencium,
1288 1063 1324 1092 in
1342 1063 1471 1092 virtute
1489 1062 1698 1092 Obediencie

317 1115 353 1142 et
384 1113 448 1143 sub
478 1112 620 1152 Majoris
645 1109 1026 1141 Excominunicacionis
1050 1118 1148 1147 pena,
1178 1107 1396 1137 subeundum
1421 1106 1640 1137 decernimus
1664 1108 1700 1136 et

317 1157 477 1187 volumus
494 1155 758 1195 obligari.——-E⁷r,
778 1154 870 1193 QUIA
894 1163 1017 1192 parum
1042 1155 1095 1182 est
1111 1152 1130 1181 J
1135 1162 1197 1181 ura
1220 1161 1280 1181 seu
1299 1150 1440 1180 Statuta
1457 1150 1614 1188 condere,
1632 1150 1700 1180 nisi

316 1201 387 1230 sint
411 1201 470 1240 qui
493 1210 535 1230 ea
558 1201 726 1230 tueantur
749 1201 784 1229 et
808 1199 883 1237 ipsa
906 1197 1022 1227 debite
1040 1196 1172 1226 faciant
1194 1195 1380 1233 observari,
1404 1194 1625 1234 precipimus,
1649 1194 1700 1224 in-

316 1244 506 1284 jungimus,
524 1246 560 1274 et
575 1244 782 1274 mandamus
799 1242 896 1271 vobis
914 1240 1104 1280 Proposito,
1122 1242 1157 1269 et
1181 1239 1296 1269 locum
1314 1241 1469 1269 vestrum
1491 1238 1625 1268 tenenti
1642 1237 1701 1278 qui

318 1299 380 1328 pro
407 1290 564 1328 tempore
591 1287 700 1318 fuerit
729 1287 943 1325 cuicumque,
967 1284 1180 1323 singulisque
1207 1283 1392 1313 Canonicis
1416 1285 1451 1312 et
1475 1282 1633 1320 Vicariis,
1662 1292 1703 1313 ac

319 1332 444 1363 ceteris
476 1332 647 1362 Ministris
672 1331 825 1361 Ecclesie
851 1332 968 1359 nostre
994 1328 1184 1367 Collegiate
1209 1327 1396 1364 antedicte,
1414 1326 1578 1366 quatinus
1605 1326 1701 1356 Ordi-

321 1377 493 1415 naciones,
520 1376 742 1407 Monieiones.
769 1378 803 1404 et
822 1375 971 1404 Decreta
998 1376 1117 1403 nostra
1140 1371 1308 1411 predicta,
1340 1381 1475 1400 necnon
1502 1370 1643 1400 Statuta
1666 1373 1702 1400 et

319 1420 568 1451 Ordinaeiones
584 1419 720 1459 prefate
739 1418 892 1448 Ecclesie
910 1420 1036 1454 nostre,
1049 1418 1220 1455 quatenus
1236 1425 1297 1445 vos
1314 1418 1348 1444 et
1366 1415 1520 1453 singulos
1536 1417 1702 1452 vestrum,

318 1464 534 1504 conjunctim
559 1474 620 1494 seu
644 1463 793 1500 divisim,
811 1463 1035 1498 concernunt,
1054 1460 1117 1490 sub
1142 1469 1231 1498 pena
1256 1459 1514 1489 malediccionis
1531 1462 1650 1488 eterne
1667 1458 1704 1488 in

318 1509 479 1539 omnibus
504 1508 707 1545 observetis,
734 1510 769 1537 et
793 1507 828 1536 in
856 1505 951 1535 nullo
979 1503 1252 1535 contraveniatis
1280 1503 1421 1540 eisdem,
1448 1504 1552 1542 prout
1577 1512 1704 1542 penam

318 1553 450 1583 evitare
475 1552 655 1583 volueritis
679 1549 1071 1590 supradictam.—They
1095 1558 1185 1578 were
1210 1550 1246 1577 to
1270 1547 1398 1586 certify
1426 1547 1485 1576 the
1515 1546 1644 1586 Bishop
1667 1556 1705 1577 as

318 1599 355 1627 to
372 1597 466 1627 their
488 1596 716 1636 proceedings
739 1594 858 1625 before
883 1593 943 1623 the
970 1593 1072 1623 Feast
1095 1592 1131 1622 of
1156 1591 1205 1622 St.
1224 1591 1653 1621 Bartholomew.—Dated
1669 1592 1706 1620 at

320 1641 429 1680 Clyst‚
446 1641 490 1670 20
507 1640 611 1680 Sept„
631 1639 726 1671 1387.
773 1639 844 1669 The
862 1647 998 1668 answer
1015 1636 1050 1666 of
1066 1636 1126 1666 the
1144 1636 1290 1666 Provost
1306 1635 1376 1665 and
1390 1635 1553 1674 Chapter,
1578 1634 1704 1674 promi-

319 1685 398 1724 sing
414 1685 610 1722 obedience,
628 1684 657 1714 is
674 1683 779 1713 dated
798 1683 838 1712 16
854 1682 944 1721 Aug.
963 1681 1059 1712 1388.

163 1748 244 1779 [SEP-
276 1749 611 1799 Berry-Pomeroy
626 1762 635 1795 ;
667 1746 1016 1791 illatrimonials—

166 1789 242 1807 TEM-

167 1816 247 1845 ΜΚ]
276 1804 470 1835 Undecimo
487 1804 541 1834 die
567 1804 697 1834 mensis
725 1801 948 1842 Septembris,
967 1800 1059 1839 apud
1077 1799 1336 1838 Chuddeleghe,
1355 1798 1525 1829 Dominus
1546 1798 1705 1838 Reginal-

166 2286 212 2313 sol.
228 2285 303 2313 1921).

318 1848 382 1878 dus
392 1847 663 1888 Horsyngtone,¹
675 1847 833 1877 Vicarius
845 1846 1038 1884 Perpetuus
1050 1843 1200 1874 Ecclesie
1216 1843 1429 1873 parochialis
1440 1843 1481 1872 de
1494 1842 1706 1882 Byrypome-

319 1902 392 1932 ray,
410 1892 604 1931 comparuit
621 1901 736 1922 coram
755 1890 924 1929 Magistro
941 1888 1112 1918 Willehno
1130 1888 1236 1925 Piers‚
1255 1887 1501 1917 Commissario
1514 1886 1654 1916 Domini
1671 1887 1707 1916 in

321 1936 387 1966 hac
404 1938 503 1975 parte
521 1936 698 1975 deputato,
716 1938 761 1972 et,
778 1936 873 1964 taeta
897 1943 960 1972 per
982 1942 1061 1962 euni
1088 1931 1288 1968 Kalendari,
1305 1931 1443 1970 juratus
1459 1930 1593 1960 fatetur
1616 1931 1707 1970 quod

321 1980 485 2019 prescivit
502 1979 764 2009 matrimonium
784 1977 893 2007 fuisse
911 1978 1130 2007 contractum
1156 1975 1247 2005 inter
1272 1975 1482 2005 Willelmum
1501 1974 1654 2005 Amadas
1671 1978 1707 2005 et

322 2024 507 2054 Dominam
523 2023 730 2059 Johannam,
748 2022 907 2052 relictam
926 2019 1065 2050 Domini
1083 2019 1233 2058 Philippi
1252 2019 1367 2056 Brian,
1387 2019 1519 2055 Militis,
1537 2018 1706 2056 defuncti,

322 2078 383 2107 per
407 2077 625 2098 communem
650 2067 793 2103 famam,
819 2069 853 2095 et
878 2076 917 2095 eo
941 2064 1031 2103 quod
1056 2063 1187 2102 recepit
1207 2063 1410 2092 Mandatum
1436 2062 1575 2093 Domini
1599 2062 1644 2092 ad
1661 2063 1705 2093 ci-

321 2112 467 2142 tandum
484 2111 639 2151 prefatos
656 2110 866 2140 WVillelmum
883 2112 918 2138 et
935 2108 1132 2138 Johannam
1150 2107 1193 2137 ad
1210 2107 1490 2146 respondendum
1508 2117 1612 2146 super
1628 2117 1706 2137 con-

322 2158 437 2186 tractu
460 2154 709 2185 matrimoniali
734 2153 959 2189 clandestino,
984 2151 1088 2182 certis
1113 2151 1167 2181 die
1192 2153 1227 2181 et
1250 2151 1334 2188 loco,
1353 2161 1469 2181 coram
1487 2150 1634 2181 Domino
1651 2151 1706 2181 vel

322 2200 398 2239 ejus
416 2199 671 2237 Commissario‚
689 2201 728 2228 ut
745 2197 934 2234 dicebatur,
949 2196 1041 2225 inter
1057 2195 1195 2226 eosdem
1213 2195 1300 2225 inito
1316 2198 1352 2225 et
1369 2197 1558 2225 contracto.
1607 2195 1706 2225 Fate-

321 2246 389 2281 tur,
417 2243 538 2281 eciam,
563 2242 653 2282 quod
676 2244 806 2281 postea,
833 2241 927 2270 nulla
952 2240 1145 2270 bannorum
1169 2239 1324 2269 edicione
1349 2239 1527 2278 premissa,
1545 2245 1606 2269 aut
1624 2239 1705 2270 Loci

325 2287 507 2318 Diocesani
525 2297 586 2317 seu
602 2286 723 2317 Curati
741 2285 896 2325 ejusdem
914 2284 1060 2314 Domine
1084 2283 1243 2313 Johanne
1260 2283 1295 2312 in
1312 2283 1377 2313 hac
1394 2285 1492 2322 parte
1509 2283 1708 2323 aliqualiter

321 2334 474 2371 optenta,
493 2330 757 2370 solempnizavit
772 2328 1035 2359 matrimonium
1052 2328 1144 2357 inter
1159 2327 1332 2367 quendam
1350 2327 1518 2357 Thomam
1538 2327 1707 2366 Pomeray

321 2378 357 2406 et
373 2375 547 2414 prefatam
563 2375 584 2405 J
587 2375 771 2412 ohannam,
788 2383 857 2403 non
874 2372 1120 2412 parochianam
1138 2381 1246 2408 suam,
1264 2371 1299 2400 in
1316 2371 1464 2410 quadam
1482 2371 1537 2401 ala
1554 2371 1707 2401 Ecclesia

324 2419 536 2449 Paroehialis
553 2419 594 2449 de
613 2419 875 2458 Byrypomeray
891 2415 1037 2456 prefate,
1055 2416 1098 2446 ab
1122 2415 1243 2445 eadem
1262 2415 1416 2445 Ecclesia
1433 2415 1626 2445 parochiali
1645 2425 1708 2454 per

324 2473 441 2493 muros
458 2473 526 2493 non
543 2463 719 2492 distincta.
761 2462 915 2498 Fatetur,
933 2460 1052 2497 eciam,
1070 2459 1159 2499 quod
1177 2462 1298 2499 postea
1324 2459 1449 2489 Divina
1465 2458 1654 2489 celebravit
1671 2461 1707 2489 et

323 2507 501 2537 inmiscuit
527 2517 561 2537 se
587 2506 727 2542 eisdem,
752 2508 791 2535 ut
815 2505 922 2545 prius,
946 2504 1166 2543 presentibus
1191 2503 1338 2533 Domino
1362 2503 1392 2533 J.
1412 2503 1514 2542 Grcy,
1540 2503 1708 2533 Nicholao

326 2551 506 2589 Kirkham‚
525 2554 559 2580 et
576 2550 732 2589 pluribus
749 2550 836 2579 aliis.
883 2549 1002 2579 Tercio
1018 2548 1151 2578 decimo
1165 2547 1218 2577 (lic
1230 2547 1385 2587 ejusdem
1403 2547 1534 2577 mensis
1551 2547 1707 2586 Septem-

325 2596 406 2633 bris,
424 2596 496 2634 ipse
513 2594 745 2634 personaliter
755 2593 958 2632 comparuit,
973 2592 1064 2631 apud
1077 2591 1333 2629 Chuddeleghe,
1346 2600 1461 2621 coram
1473 2591 1593 2621 eodem
1609 2590 1707 2621 Com-

325 2639 494 2677 missario,
524 2642 559 2669 et
585 2638 715 2679 juravit
741 2637 782 2668 (lc
809 2637 933 2667 stando
961 2636 1135 2666 Mandatis
1163 2635 1316 2665 Ecclesia
1340 2638 1375 2664 et
1392 2635 1545 2674 parendo
1561 2634 1649 2674 juri;
1674 2637 1710 2665 et

326 2683 485 2724 injuncta
512 2685 564 2713 est
591 2682 655 2713 sibi
680 2681 887 2721 penitencia,
905 2690 945 2711 eo
961 2680 1051 2719 quod
1077 2679 1340 2718 solempnizavit
1364 2679 1561 2718 hujusmodi
1591 2678 1710 2709 matri-

326 2728 481 2758 monium
506 2726 719 2766 prohibitum
745 2725 904 2761 scienter,
930 2724 1122 2753 bannorum
1148 2723 1302 2753 edicione
1327 2733 1396 2752 non
1421 2723 1600 2762 premissa,
1618 2723 1711 2752 inter

327 2772 457 2802 dictam
483 2771 690 2808 Johannam,
716 2780 784 2800 non
812 2768 1059 2809 parochianam
1084 2777 1192 2801 suam,
1219 2769 1255 2797 et
1282 2766 1414 2797 dictum
1439 2766 1619 2803 'l'homam,
1637 2766 1711 2797 sine

174 2865 182 2890 ¹
206 2869 264 2900 See
289 2879 376 2908 page
394 2869 459 2899 599
481 2866 540 2907 (ad
550 2865 684 2906 finem),
707 2867 821 2896 where
836 2865 906 2896 this
1018 2864 1206 2902 doubthess,
1223 2874 1244 2894 a
1260 2863 1396 2894 clerica]
1414 2873 1520 2894 error.

220 2923 383 2943 surname
408 2913 437 2942 is
462 2913 551 2951 spelt
581 2909 905 2950 “Horyngstmie”;
