1907 3212
866 324 1097 358 PREFAOE.
1634 309 1751 356 xxix

259 430 370 459 tatem
394 430 431 460 et
454 429 627 461 Diocesim
651 431 865 462 Exonienses
887 432 976 472 juris
999 432 1052 462 sui
1078 430 1324 470 Metropolitici
1349 430 1559 460 auctoritate
1583 428 1752 466 visitanti,

261 483 343 504 suus
360 473 503 505 humilis
521 478 555 505 et
576 474 722 506 devotus
741 475 933 507 Willelmus
960 476 1034 506 Fitz
1052 476 1180 512 Water,
1200 475 1309 512 Miles,
1326 474 1562 504 reverenciam
1587 476 1622 503 et
1647 473 1751 503 hono-

260 527 333 547 rem
346 521 446 548 tanto
459 519 553 549 Patri
565 519 711 556 debitos,
724 529 800 550 cum
814 520 943 551 honore
961 520 1059 559 (sic).
1106 520 1160 549 Ad
1176 519 1367 550 Ecclesiam
1382 518 1619 548 Parochialem
1633 516 1753 548 Sancti

262 561 430 601 Nythani,
450 562 655 594 Exoniensis
680 564 845 601 Diocesis,
869 568 1064 601 vacantem,
1083 567 1117 594 et
1135 564 1178 594 ad
1196 573 1307 593 meam
1328 563 1632 593 Presentacionem
1656 571 1750 601 spec-

261 608 408 644 tantem,
441 607 607 638 dilectum
640 609 745 638 michi
774 608 809 638 in
839 608 988 646 Christo,
1022 609 1212 638 Robcrtum
1248 607 1354 647 Baby,
1385 610 1500 637 vestre
1540 605 1752 636 Paternitati

264 650 466 681 Reverendo
491 654 676 691 presento;
702 652 881 683 humiliter
905 653 1104 692 supplicans
1129 655 1163 682 et
1187 653 1312 682 devote
1337 651 1502 691 quatinus
1530 651 1662 680 dictum
1689 650 1753 680 Ro-

263 694 402 724 bertum
427 695 470 725 ad
493 696 639 726 eandem
666 696 855 726 Ecclesiam
882 697 1068 726 admittere
1088 697 1270 736 ipsumque
1295 695 1469 725 Cauonice
1492 695 1688 731 instituere,
1715 703 1755 724 ac

264 740 381 768 cetera
397 740 514 769 omnia
531 750 596 780 que
613 743 730 771 vestro
747 741 782 770 in
804 740 867 771 hac
892 746 990 780 parte
1015 741 1222 771 incumbunt
1248 740 1368 770 Officio
1394 739 1565 769 Pastorali
1588 747 1755 778 peragere

264 783 466 821 dignemini,
484 784 615 814 intuitu
631 785 799 815 caritatis.
847 785 888 814 In
906 785 1006 825 cujus
1022 785 1071 815 rei
1088 784 1329 815 testimonium
1354 783 1579 813 presentibus
1602 783 1754 822 sigillum

264 836 379 857 meum
409 828 564 867 apposui.
618 829 709 858 Data
733 829 825 868 apud
852 829 1091 868 Langenythe,
1115 831 1238 868 quarto
1264 828 1319 858 die
1343 827 1485 866 Aprilis,
1513 828 1615 857 Anno
1644 826 1754 865 Regni

265 871 370 909 Regis
388 871 526 902 Ricardi
547 872 695 903 Secundi
712 877 791 912 post
808 873 1044 913 Conquestum
1062 873 1187 911 Aug-lie
1205 872 1354 912 septimo
1373 870 1413 911 [4
1430 871 1538 911 April,
1557 868 1695 910 1384].’'

301 923 363 960 On
395 925 594 974 receiving
622 926 702 963 this
734 926 871 963 Letter
896 926 938 963 of
965 926 1258 970 Presentation,
1291 926 1359 962 the
1389 924 1647 973 Archbishop,
1680 923 1756 961 evi-

220 976 359 1028 dently
380 980 610 1028 suspecting
638 993 689 1016 no
709 981 797 1025 evil,
821 979 985 1017 ordered
1007 979 1075 1017 the
1103 984 1330 1029 customary
1362 979 1606 1028 Inquisition
1637 984 1679 1015 to
1708 977 1757 1014 be

221 1030 311 1068 held
331 1045 374 1069 as
403 1037 444 1069 to
475 1033 542 1070 the
569 1033 678 1083 right
697 1033 739 1070 of
770 1034 1006 1083 Pati-onage,
1029 1039 1102 1079 etc,
1125 1033 1203 1070 and
1225 1034 1257 1070 it
1278 1047 1357 1070 was
1388 1034 1509 1070 taken
1529 1038 1573 1069 at
1594 1032 1757 1069 Exmin-

218 1088 300 1122 ster
320 1085 374 1136 by
393 1086 454 1123 his
475 1086 720 1124 Chaneellor.

221 1164 242 1181 “
259 1160 492 1204 INQUISICIO
523 1173 652 1199 CAPTA
682 1174 812 1199 SUPER
839 1175 944 1200 JURE
964 1163 1238 1200 PATRONATUS
1260 1173 1442 1199 EJUSDEM
1472 1162 1757 1205 Eoonnsm,¹—

217 1229 278 1256 xv0
295 1226 350 1256 die
372 1227 514 1266 Aprilis,
531 1228 633 1258 Anno
651 1229 801 1265 Domini,
819 1228 888 1265 etc„
905 1228 1079 1269 lxxxiiith,
1096 1230 1132 1259 in
1151 1229 1293 1268 Capella
1311 1229 1457 1258 Manerii
1475 1228 1516 1258 de
1535 1228 1758 1266 Exmynstre,

262 1270 469 1310 inquisitum
497 1271 565 1302 fuit
592 1282 654 1311 per
684 1272 893 1312 Magistrum
920 1273 1032 1303 Adam
1058 1274 1099 1303 (le
1127 1274 1306 1310 Mottrum,
1333 1272 1587 1303 Cancellarium
1616 1271 1758 1302 Domini

263 1314 539 1354 Cantuariensis,
564 1326 584 1347 a
609 1316 770 1347 Dominis
787 1317 978 1347 Laurencio
1004 1318 1126 1347 Drewe
1151 1320 1186 1347 et
1213 1317 1364 1347 Roberto
1390 1317 1538 1353 Kernec,
1556 1316 1756 1355 capellanis,

263 1369 367 1399 super
383 1360 569 1391 vacacione
586 1361 742 1400 predicte
760 1361 924 1392 Ecclesie.
973 1361 1038 1400 Qui
1063 1362 1236 1399 dixerunt,
1261 1371 1324 1401 per
1340 1363 1561 1391 sacramenta
1578 1369 1649 1397 sua,
1667 1360 1758 1400 quod

264 1403 433 1434 Dominus
451 1404 644 1435 Willelmus,
670 1405 745 1435 Fitz
772 1406 890 1436 Water
913 1406 1134 1445 supradictus
1158 1406 1228 1435 fuit
1253 1412 1288 1436 et
1312 1408 1365 1436 est
1390 1405 1500 1444 ipsius
1525 1404 1679 1435 Ecclesie
1693 1404 1756 1434 Pa-

262 1450 394 1485 tronus,
408 1451 442 1479 et
460 1449 584 1479 ultimo
599 1451 817 1489 presentavit
833 1450 877 1480 ad
895 1451 1040 1480 eundem
1054 1465 1060 1487 3
1078 1455 1112 1485 et
1129 1450 1219 1489 quod
1237 1450 1331 1480 dicta
1348 1450 1503 1480 Ecclesia
1519 1459 1582 1488 pro
1598 1452 1683 1479 tunc
1699 1458 1756 1478 va-

262 1493 355 1522 cavit
372 1503 434 1532 per
449 1496 598 1524 mortem
617 1494 757 1523 Domini
777 1494 947 1531 Willelmi,
961 1495 1075 1524 ultimi
1094 1495 1252 1524 Rectoris
1269 1494 1418 1530 ibidem3
1435 1494 1593 1533 quodque
1612 1493 1756 1523 Presen-

259 1538 355 1567 tatus
369 1537 412 1567 ad
425 1537 571 1567 eandem
589 1541 641 1567 est
657 1538 745 1568 bone
762 1539 1041 1569 conversacionis
1058 1541 1093 1569 et
1110 1539 1266 1575 honeste,
1280 1541 1452 1578 quat-enus
1462 1538 1565 1567 iidem
1580 1537 1758 1567 sciverunt

260 1583 295 1610 et
320 1581 635 1612 audiverunt—Et
661 1582 914 1622 subsequenter
939 1583 1030 1612 idem
1060 1583 1297 1613 Caneellarius
1330 1582 1478 1612 eundem
1511 1582 1757 1612 Presentatum

259 1625 401 1656 admisit
418 1625 462 1656 ad
479 1626 609 1656 dictam
629 1626 832 1665 Ecclesiam,
850 1630 889 1657 ut
906 1634 957 1657 est
978 1627 1116 1657 nioris.'’

297 1678 359 1715 On
380 1679 450 1716 the
469 1692 576 1717 same
604 1679 694 1730 day,
717 1680 785 1718 the
815 1680 1080 1730 Archbsshop,
1104 1680 1309 1730 evidently
1340 1680 1510 1717 without
1531 1679 1754 1729 misgiving‚

213 1732 429 1770 instituted
447 1733 515 1770 the
530 1734 752 1780 Presentee,
770 1734 849 1771 and
871 1734 1002 1772 issued
1024 1735 1084 1771 his
1107 1734 1300 1771 Mandate
1316 1735 1378 1771 for
1392 1734 1453 1771 his
1470 1733 1755 1778 Induction,-

216 1813 237 1829 “
254 1808 492 1846 INsrrrUcm
523 1821 775 1855 mosomi,—

215 1874 417 1913 Willelmus,
453 1877 681 1916 permissione
721 1877 858 1914 Divina,
898 1877 1201 1907 etc—Civitatem
1242 1885 1276 1907 et
1317 1876 1490 1907 Diocesim
1531 1875 1754 1914 Exonienses,

258 1922 376 1950 nostre
389 1919 653 1951 Cantuariensis
664 1921 855 1959 Provincie,
866 1922 943 1961 jure
956 1921 1211 1960 Metropolitico
1222 1921 1409 1952 actualiter
1420 1921 1615 1958 visitantes,
1629 1920 1757 1950 dilecto

258 1963 294 1993 in
322 1963 462 1995 Christo
488 1965 569 2003 filio,
595 1965 743 1996 Domino
770 1966 922 1996 Roberto
947 1965 1055 2005 Baby,
1084 1966 1289 2005 presbitero,
1315 1966 1475 2003 salutem,
1496 1965 1664 1995 etc—Ad
1693 1964 1755 1995 Ec-

259 2007 400 2038 clesiam
418 2008 658 2040 Parochialem
678 2009 798 2040 Sancti
816 2010 984 2049 Nythani,
1002 2010 1094 2040 dicte
1118 2010 1324 2040 Exoniensis
1343 2010 1508 2046 Diocesis,
1527 2009 1590 2049 per
1605 2011 1756 2039 mortem

260 2051 402 2082 Domini
413 2052 587 2090 Willelmi,
601 2053 717 2083 ultimi
732 2054 890 2084 Rectoris
907 2054 1075 2094 ejusdem,
1093 2058 1275 2084 vacantem
1292 2068 1299 2090 ;
1316 2054 1359 2084 ad
1376 2064 1480 2094 quam
1493 2064 1555 2093 per
1567 2053 1757 2084 Dominum

258 2095 469 2126 Willelmum
489 2097 563 2127 Fitz
582 2097 710 2134 Water,
729 2098 887 2135 Militem,
906 2108 1027 2128 verum
1043 2098 1153 2138 ipsius
1172 2098 1325 2129 Ecclesie
1343 2098 1547 2135 Patronum,
1562 2098 1662 2128 nobis
1678 2107 1753 2136 pre—

260 2142 420 2171 sentatus
444 2141 576 2177 existis,
593 2144 639 2178 te,
657 2144 761 2180 prout
785 2142 829 2172 ad
855 2152 926 2179 nos,
945 2142 1160 2173 Visitacione
1184 2146 1306 2173 nostra
1330 2142 1589 2182 Metropolitica
1607 2142 1643 2172 in
1660 2142 1755 2172 dicta

260 2184 396 2214 Diocesi
421 2185 606 2224 pendente,
624 2185 818 2216 dinoscitur
842 2186 1027 2224 pertinere,
1051 2187 1281 2224 admittimus,
1305 2189 1341 2217 et
1366 2187 1562 2223 Rectorem,
1580 2196 1659 2216 cum
1685 2186 1756 2216 suis

259 2227 396 2268 juribus
413 2235 447 2259 et
465 2229 692 2268 pertinenciis
709 2230 892 2268 universis,
910 2231 1084 2262 Canonice
1101 2231 1321 2262 instituimus
1337 2231 1373 2262 in
1391 2231 1534 2267 eadem;
1551 2240 1669 2260 euram
1682 2229 1754 2260 ani-

258 2282 395 2302 marum
412 2273 704 2313 parochianorum
722 2274 880 2314 ejusdem
902 2275 1057 2306 Ecclesie
1080 2275 1144 2305 tibi
1170 2275 1205 2305 in
1224 2275 1372 2306 Domino
1389 2275 1664 2306 committentes.
1712 2274 1755 2304 In

257 2316 359 2357 cujus
377 2317 426 2347 rei
444 2317 684 2348 testimonium
704 2319 855 2357 sigillum
882 2322 1040 2350 nostrum
1066 2319 1292 2350 Presentibus
1317 2319 1479 2349 duximus
1496 2319 1754 2358 apponendum.

257 2361 347 2391 Data
361 2361 452 2400 apud
465 2361 686 2401 Exmynstre,
699 2363 791 2393 dicte
810 2363 1016 2394 Exoniensis
1033 2364 1198 2400 Diocesis,
1214 2368 1272 2393 xv⁰
1287 2364 1343 2394 die
1356 2364 1486 2394 mensis
1500 2363 1639 2402 Aprilis,
1651 2362 1754 2393 Anno

258 2405 398 2435 Domini
417 2405 602 2436 Millesimo
620 2406 750 2437 (ΪΟΟΠ10
767 2407 942 2448 lxxxiiijm,
960 2411 995 2438 et
1012 2411 1131 2439 nostre
1149 2408 1406 2439 Translacionis
1423 2407 1563 2438 tercio.’¹

215 2463 501 2501 “MANDATUM
532 2476 586 2501 AD
618 2476 892 2503 INDUCENDUM
924 2478 1079 2504 DICTUM
1112 2478 1475 2511 PRESENTATUM,—

212 2529 416 2567 Willelmus,
445 2534 522 2567 etc.,
540 2530 745 2569 Visitantes‚
772 2536 849 2570 etc,
876 2533 1013 2564 dilectis
1041 2534 1075 2563 in
1105 2533 1246 2563 Christo
1275 2534 1364 2566 liliis¹
1391 2533 1645 2563 Archidiacono
1674 2531 1754 2562 Cor-

256 2574 372 2611 nubie‚
390 2574 443 2604 vel
460 2575 536 2615 ejus
554 2575 711 2609 officiali,
729 2586 769 2606 ac
796 2577 946 2607 Roberto
968 2577 1094 2617 Herry,
1114 2578 1286 2617 Perpetuo
1308 2578 1448 2608 Vicario
1471 2576 1624 2607 Ecclesie
1652 2576 1754 2606 Paro-

257 2618 379 2648 chialis
397 2618 438 2648 de
456 2619 744 2659 Tywardraythe,
762 2621 922 2658 salutem,
941 2622 1143 2660 etc—Quia
1160 2632 1223 2652 nos
1241 2622 1426 2652 Dominum
1445 2621 1635 2651 Robertum
1647 2620 1756 2660 Baby,

256 2662 501 2702 presbiterum,
526 2663 569 2693 ad
595 2663 786 2694 Ecclesiam
813 2665 1052 2696 Parochialem
1087 2665 1206 2696 Sancti
1239 2666 1408 2706 Nyfflani,
1433 2666 1526 2695 dicte
1551 2665 1758 2695 Exoniensis

256 2706 422 2744 Diocesis,
440 2717 503 2747 per
520 2710 668 2737 mortem
695 2708 835 2738 Domini
853 2709 1028 2746 Willelmi,
1046 2709 1162 2740 ultimi
1185 2710 1343 2740 Rectoris
1367 2709 1536 2749 ejusdem,
1549 2712 1755 2745 vacantem;

255 2750 299 2780 ad
315 2760 419 2790 quam
444 2761 505 2790 per
526 2751 714 2782 Dominum
736 2752 948 2784 Willelmum
971 2754 1046 2784 Fitz
1071 2754 1224 2792 Wauter,
1242 2764 1363 2784 verum
1386 2754 1496 2793 ipsius
1520 2753 1674 2784 Ecclesie
1692 2752 1754 2783 Pa-

255 2796 407 2833 tronum,
425 2795 525 2826 nobis
548 2796 665 2827 extitit
690 2800 935 2835 presentatus;
960 2801 1064 2838 prout
1088 2797 1131 2829 ad
1157 2808 1229 2836 nos,
1248 2798 1463 2829 Visitacione
1488 2800 1610 2828 nostra
1627 2797 1754 2827 Metro-

257 2866 265 2885 ¹
291 2868 392 2907 Ibid.,
411 2869 470 2900 fol.
490 2871 562 2901 110.
