1907 3212
182 388 255 415 A.D.

182 423 254 448 1391.

181 455 241 482 Vol.
260 456 281 481 1.

179 920 223 946 fol.
239 921 314 947 2281).

493 290 777 324 REGISTRUM
820 289 1067 324 COMMUNE
1133 288 1269 322 ANNo
1295 279 1390 323 22⁰.
1618 275 1711 322 '735

311 408 314 409 ⁷
336 404 402 433 quo
409 394 567 434 prefatus
574 394 743 425 Dominus
749 394 900 424 Thomas
907 393 991 424 dicti
998 391 1361 432 Archipresbiteratus
1368 390 1650 431 Archipresbiter
1656 400 1710 420 ex-

335 438 467 477 titerat,
479 442 513 469 et
526 439 778 478 possessionem
792 438 1025 469 Ecclesiarum
1043 437 1085 467 de
1103 436 1300 467 Haccombe
1316 438 1351 467 et
1363 436 1482 467 Sancti
1497 434 1657 474 Hugonis
1671 434 1712 464 de

337 482 499 520 Quedeke
507 481 624 523 [Queth
633 481 847 523 i‹›cl=·]‚eidem
855 481 1211 522 Archipresbiteratui
1219 481 1392 511 Canonice
1399 479 1711 520 appropriatarum,

334 527 476 566 pacifice
488 528 913 566 apprehenderit,pertres
922 526 1082 556 videlicet
1089 536 1198 556 annos
1204 525 1465 565 continuosjain
1472 523 1629 564 proximo
1636 532 1711 562 pre-

334 571 467 609 teritos,
484 572 595 601 eidem
621 581 802 611 nusquam,
819 574 858 601 ut
875 571 1070 607 tenebatur,
1089 569 1241 600 Ecclesie
1265 569 1447 607 satisfecit,
1465 567 1712 604 voluntarium,

334 615 525 655 perjurium
540 616 613 655 ipso
626 616 720 646 facto
731 615 1001 655 dampnabiliter
1016 614 1224 644 incurrendo
1238 628 1244 651 ;
1269 613 1436 651 nolentes,
1450 613 1567 652 igitur,
1582 612 1712 642 dictam

336 659 536 697 Ecclesiam,
556 660 724 699 Sponsam
741 662 908 697 nostram,
924 659 1001 699 jure
1025 668 1086 689 suo
1110 658 1229 688 taliter
1245 657 1457 695 defraudari,
1475 659 1527 687 set
1551 658 1713 696 optantes

335 704 608 744 quibuscumque
638 707 711 734 tam
740 704 827 734 vivis
854 714 957 743 quam
983 702 1159 733 defunctis
1190 712 1328 742 semper
1356 701 1560 738 remedium,
1585 699 1714 730 nostris

334 749 519 786 presertim
544 749 701 787 subditis,
719 748 754 778 in
778 750 947 788 quantum
969 747 1063 787 juste
1086 747 1278 786 poterimus
1301 746 1469 783 adhiberi,
1494 745 1632 775 fructus
1655 753 1713 773 au-

335 793 532 831 tumpnales
549 793 746 831 garbarum,
764 796 799 822 et
815 792 900 822 alios
926 791 1078 822 Ecclesie
1094 790 1423 830 Archipresbiterali
1448 790 1489 820 de
1515 788 1715 819 Haccombe

334 837 500 875 predicte,
524 847 659 867 necnon
684 837 774 867 dicte
800 836 953 866 Ecclesie
978 835 1096 865 Sancti
1122 835 1282 874 Hugonis
1307 835 1349 865 de
1382 833 1555 873 Quedeke,
1580 833 1713 862 dictum

337 880 543 911 defunctum
574 881 872 920 qualitercumque
901 882 1151 911 concernentes
1177 882 1212 909 et
1238 879 1281 909 ad
1312 879 1426 918 ipsum
1455 877 1713 917 quomodolibet

336 928 544 963 spectantes,
573 927 755 964 ceteraque
787 925 877 955 bona
908 925 1016 964 ipsius
1048 923 1215 961 defuncti,
1241 923 1282 953 de
1314 923 1438 963 quibus
1463 922 1572 961 ipsius
1596 921 1714 951 debita

333 969 482 1008 persolvi
499 970 659 1007 debeant,
677 972 716 999 ut
733 969 847 999 anime
864 969 973 1008 ipsius
990 969 1093 998 saluti
1111 970 1145 997 et
1162 967 1410 1006 indempnitati
1427 967 1536 1006 ipsius
1562 965 1714 995 Ecclesia

334 1016 452 1043 nostre
468 1014 605 1053 plenius
621 1014 832 1050 consulatur,
849 1016 992 1052 propter
1007 1013 1169 1042 timorem
1186 1011 1450 1051 dilapidacionis
1473 1013 1509 1041 et
1532 1019 1714 1048 consump-

334 1057 443 1088 cionis
467 1058 678 1095 eorumdem,
707 1057 749 1088 de
773 1058 898 1097 quibus
920 1056 1158 1087 verisimiliter
1174 1056 1328 1093 timetur,
1353 1058 1457 1095 prout
1473 1055 1509 1084 in
1526 1055 1591 1084 hac
1615 1056 1715 1093 parte

334 1102 506 1132 veraciter
522 1102 755 1132 informamur
771 1111 810 1132 ac
827 1112 943 1131 corani
960 1101 1060 1131 nobis
1079 1110 1182 1140 super
1198 1101 1265 1130 hiis
1282 1100 1456 1130 sufficiens
1480 1099 1597 1129 extitit
1620 1098 1716 1128 facta

334 1146 429 1183 fides,
447 1146 751 1186 sequestravimus,
769 1146 871 1176 sicuti
896 1148 1017 1175 tenore
1041 1145 1334 1181 P1·esencium‚ex
1358 1144 1472 1174 causis
1496 1142 1715 1182 supradictis,

334 1190 520 1220 actualiter
535 1193 812 1230 sequestrainus3
838 1190 1033 1220 custodiam
1056 1189 1257 1229 hujusmodi
1283 1188 1459 1228 Sequestri
1484 1187 1595 1217 nostri
1619 1186 1716 1216 vobis

334 1234 369 1263 in
387 1234 534 1265 Domino
552 1235 822 1265 committentes.
870 1234 986 1271 Vobis,
1004 1233 1123 1273 igitur,
1141 1236 1217 1271 etc„
1234 1233 1442 1262 mandamus
1466 1231 1631 1272 quatinus
1654 1231 1716 1260 hu-

333 1278 485 1318 jusmodi
504 1278 729 1318 Sequestrum
746 1282 904 1308 nostrum
922 1279 958 1308 in
974 1278 1149 1308 fructibus
1165 1280 1200 1307 et
1216 1277 1316 1307 bonis
1332 1276 1498 1317 predictis
1516 1276 1563 1306 sie
1576 1285 1639 1314 per
1654 1284 1718 1305 nos

334 1323 443 1353 fuisse
468 1325 503 1353 et
529 1333 603 1353 esse
628 1323 875 1362 interpositum
904 1322 1098 1362 publicetis,
1125 1324 1190 1352 cte.
1220 1320 1271 1362 (in
1297 1321 1350 1351 the
1378 1330 1528 1351 common
1552 1317 1718 1359 form).—

334 1367 447 1397 Dated
464 1370 500 1397 at
518 1367 723 1407 Chudleigh,
740 1367 761 1397 9
778 1367 867 1405 Aug.

287 1421 327 1456 A
347 1420 565 1470 privileged
585 1421 795 1470 pluralist3
825 1422 946 1458 Bulla
965 1421 1158 1470 Allayz'stro
1177 1420 1364 1457 flliclcaelz‘
1386 1419 1580 1469 Ceryeauoe
1608 1432 1720 1466 super

333 1476 490 1522 plurali
493 1482 635 1521 cate,—

293 1530 494 1561 Bonifacius
526 1531 729 1571 Episcopus,
756 1530 883 1561 Servus
907 1540 1086 1560 servorum
1111 1529 1185 1567 Dei,
1210 1529 1336 1560 dilecto
1360 1529 1431 1559 filio
1454 1528 1615 1559 Michaeli
1640 1527 1720 1558 Cer-

334 1585 455 1613 geaux,
474 1575 648 1606 Canonico
666 1575 888 1613 Cicestrensi,
912 1574 1104 1614 Utriusque
1128 1574 1224 1604 Juris
1248 1574 1400 1611 Doctori,
1425 1573 1584 1611 salutem,
1609 1576 1720 1603 etc.—

334 1619 531 1649 Literarum
559 1620 718 1658 sciencia,
736 1620 806 1650 vite
825 1629 864 1649 ac
881 1629 1017 1649 morum
1040 1619 1215 1656 honestas,
1234 1618 1370 1658 aliaque
1393 1617 1583 1648 laudabilia
1606 1616 1718 1657 probi-

334 1664 418 1693 tatis
434 1665 469 1693 et
486 1664 658 1694 virtutum
674 1664 811 1701 merita,
826 1673 929 1703 super
945 1663 1070 1703 quibus
1086 1663 1178 1702 apud
1194 1672 1257 1692 nos
1274 1662 1450 1701 fidedigno
1466 1661 1720 1692 commendaris

334 1708 547 1745 testimonio,
572 1718 635 1738 nos
660 1708 831 1737 inducunt
859 1710 898 1737 ut
923 1710 958 1737 te
986 1707 1105 1737 favore
1132 1707 1291 1746 specialis
1317 1707 1432 1745 gracie
1457 1715 1719 1746 prosequamur.

336 1751 428 1788 Tuis,
456 1752 583 1791 itaque,
612 1753 648 1782 in
680 1752 744 1782 hac
776 1754 875 1792 parte
907 1751 1223 1790 supplicacionibus
1250 1751 1420 1788 inclinati,
1446 1753 1573 1788 tecum,
1601 1751 1659 1789 qui
1683 1750 1719 1779 iu

337 1795 493 1825 Romana
518 1796 623 1826 Curia
647 1796 848 1826 Advocatus
873 1795 1131 1826 Consistorialis
1154 1795 1285 1833 existis,
1311 1798 1356 1831 et,
1380 1797 1419 1824 ut
1444 1795 1579 1833 asseris,
1606 1794 1717 1824 Cices-

336 1840 464 1870 trensis
488 1850 528 1870 ac
552 1840 734 1870 Wellensis
759 1840 995 1870 Ecclesiarum
1020 1839 1254 1869 Canonicatus
1282 1841 1316 1869 et
1349 1839 1558 1877 Prebendas,
1584 1848 1717 1869 necnon

337 1883 546 1922 Perpetuam
571 1884 746 1914 Vicariam
771 1884 984 1914 Parochialis
1009 1883 1163 1913 Ecclesie
1188 1884 1229 1913 de
1257 1883 1415 1921 Suttone,
1445 1883 1546 1923 juxta
1578 1883 1717 1923 Plymp-

335 1928 488 1963 mouthe,
507 1938 611 1967 super
626 1938 693 1967 qua
710 1928 744 1957 in
762 1928 901 1958 Palacio
918 1928 1118 1967 Apostolico
1134 1927 1263 1966 litigas,
1280 1937 1320 1957 ac
1345 1927 1582 1957 Parochialem
1602 1927 1718 1957 Eccle-

336 1972 422 2001 siam
442 1972 568 2002 Sancte
587 1973 731 2010 Ladoce,
750 1972 955 2002 Exoniensis
973 1972 1137 2009 Diocesis,
1155 1972 1309 2011 optines3
1335 1974 1369 2001 et
1387 1971 1441 2002 cui
1459 1971 1589 2001 dudum
1607 1971 1719 2001 felicis

336 2016 589 2047 recordacionis
615 2017 778 2047 Urbanus
802 2016 897 2055 Papa
913 2016 974 2053 VI,
1000 2016 1228 2046 Predecessor
1251 2019 1379 2053 noster,
1397 2016 1567 2046 concessit
1583 2018 1622 2045 ut
1639 2025 1717 2045 ean-

337 2060 415 2089 dem
433 2060 620 2097 Vicariam,
637 2063 821 2100 postquam
845 2070 922 2090 eam
946 2060 1039 2090 fores
1063 2061 1205 2099 pacifice
1229 2063 1420 2098 assecutus,
1438 2070 1507 2090 una
1529 2070 1606 2090 cum
1625 2060 1719 2090 dicta

339 2104 493 2134 Ecclesia
519 2105 714 2134 Parochiali
742 2104 868 2134 Sancte
886 2104 1030 2142 Ladoce,
1048 2104 1142 2134 licite
1167 2104 1318 2134 retinere
1342 2114 1482 2144 posses3
1507 2104 1568 2141 ita,
1587 2108 1717 2142 tamen,

337 2149 427 2187 quod
455 2148 548 2179 infra
575 2159 681 2178 unum
709 2158 839 2178 annum
871 2149 1017 2178 eandem
1058 2148 1294 2178 Parochialem
1335 2148 1526 2179 Ecclesiam
1558 2159 1620 2188 pro
1651 2148 1719 2178 alio

339 2193 512 2223 Beneficio
530 2192 784 2230 Ecclesiastico,
799 2202 876 2222 cum
895 2193 989 2223 dicta
1000 2193 1140 2223 Vicaria
1151 2192 1376 2232 eompatibili,
1389 2196 1629 2232 permutares;
1648 2193 1716 2222 cui-

337 2246 402 2276 que
420 2236 550 2266 dudum
566 2237 607 2267 de
620 2237 804 2267 Crititouie
818 2236 890 2274 (sic)
901 2240 937 2267 et
948 2236 989 2267 de
1006 2237 1153 2267 Ywerne
1166 2237 1411 2275 Ecclesiarum,
1423 2237 1578 2276 predicte
1592 2237 1716 2267 Exoni-

337 2281 430 2311 ensis
455 2283 490 2310 et
517 2280 781 2311 Sal-esbiriensis
809 2281 1016 2319 Diocesium,
1046 2281 1316 2311 Canonicatibus
1344 2284 1379 2311 et
1408 2281 1607 2316 Prebendis,
1634 2286 1717 2311 tune

337 2325 442 2354 certis
470 2325 581 2355 modis
609 2325 825 2363 vacantibus,
851 2335 996 2365 quorum
1022 2325 1273 2364 possessionem
1305 2325 1458 2355 nondum
1491 2335 1527 2355 es
1559 2326 1717 2364 adeptus,

336 2369 556 2399 Auctoritate
573 2370 773 2409 Apostolica
789 2370 965 2409 provisum
983 2369 1100 2400 extitit
1115 2383 1121 2406 ;
1146 2372 1181 2400 et
1197 2370 1264 2409 qui,
1276 2370 1485 2400 auctoritate
1502 2370 1716 2400 diversarum

338 2413 533 2443 Litcrarum
551 2417 760 2452 nostrarum,
778 2414 812 2443 in
838 2414 1024 2444 Exoniensi
1048 2416 1083 2444 et
1109 2414 1355 2444 Saresbirionsi
1381 2414 1545 2444 Ecclesiis
1570 2414 1717 2444 Canoni-

336 2460 435 2487 catus
459 2457 522 2486 sub
546 2458 848 2497 expectacionibus
873 2458 1131 2488 Prebendarum
1155 2468 1195 2488 ac
1220 2458 1411 2497 Dignitatis
1435 2458 1646 2488 Personatus
1664 2459 1716 2488 vel

337 2500 447 2531 Officii
476 2502 627 2533 nosceris
658 2502 836 2539 obtinere;
870 2504 909 2531 ut
938 2502 1128 2533 Ecclesiam
1158 2502 1284 2532 Sancte
1311 2502 1444 2532 Ladoce
1475 2512 1515 2532 ac
1540 2502 1716 2532 vicariam

336 2545 521 2584 predictas,
545 2546 655 2576 eciam
680 2548 863 2586 postquam
889 2546 1064 2576 Vicariam
1089 2546 1200 2585 ipsam
1227 2547 1368 2586 pacifice
1393 2549 1573 2576 assecutus
1597 2546 1716 2583 fueris,

336 2589 475 2619 insimul
495 2590 588 2619 licite
606 2590 766 2628 retinere,
784 2590 944 2629 ipsasque
961 2600 1003 2620 ex
1027 2600 1131 2620 eausa
1155 2590 1433 2620 Permutacionis
1450 2591 1504 2620 vel
1521 2591 1616 2627 alias,
1634 2600 1715 2630 quo-

336 2633 431 2663 ciens
448 2634 511 2663 tibi
529 2634 713 2672 videbitur,
731 2634 834 2664 simul
858 2634 911 2664 vel
937 2634 1129 2664 successive
1154 2634 1343 2671 dimittere,
1360 2637 1393 2664 et
1412 2635 1486 2665 loco
1503 2635 1644 2664 dimisse
1663 2635 1715 2664 vel

336 2677 557 2707 dimissarum
584 2679 676 2708 aliud
703 2679 756 2708 vel
784 2679 861 2715 alia,
886 2678 953 2708 duo
979 2679 1171 2715 dumtaxat,
1198 2679 1420 2716 Beneficium,
1445 2688 1506 2709 seu
1532 2679 1716 2711 Beneficia,

336 2721 630 2755 Ecclesiasticum,
653 2723 764 2753 simile
787 2722 841 2752 vel
866 2723 1033 2752 dissimile
1057 2726 1117 2752 aut
1142 2722 1268 2752 similia
1293 2723 1346 2752 vel
1370 2722 1562 2760 dissimilia,
1586 2723 1715 2752 iucom-

335 2766 503 2804 patibilia,
521 2767 630 2796 eciam
649 2767 676 2796 si
696 2767 894 2805 Dignitates
911 2769 971 2796 aut
996 2767 1207 2796 l'crsouatus
1224 2767 1276 2796 vel
1304 2766 1432 2800 Officia„
1451 2777 1528 2797 cum
1555 2777 1638 2797 cura
1661 2767 1715 2797 vel

336 2810 409 2840 sine
427 2820 518 2845 cura,
533 2813 567 2840 et
585 2811 693 2841 eciam
711 2811 739 2841 si
755 2811 952 2849 Dignitates
968 2810 1167 2850 hujusmodi
1185 2811 1220 2840 in
1239 2810 1504 2841 Cathedralibus
1518 2811 1571 2841 vel
1590 2811 1716 2841 Metro—

335 2854 499 2893 politanis
516 2855 666 2894 majores
682 2859 759 2894 post
779 2855 1008 2892 Pontificales,
1026 2865 1087 2885 scu
1111 2855 1146 2884 in
1172 2854 1374 2893 Collegiatis
1399 2854 1562 2886 Ecclesiis
1587 2855 1715 2885 Princi-

382 2898 437 2944 M³
