1907 3212
443 339 727 373 REGISTRUM
763 339 1218 373 OOMMUNE—ANNO
1259 331 1280 372 1
1290 330 1348 373 9⁰.
1580 331 1606 373 6
1615 331 1639 373 8
1648 332 1674 374 3

139 439 214 466 ΑΒ·
292 444 422 482 terunt,
439 444 507 474 nisi
523 444 567 474 ab
587 444 662 484 ipso
682 444 754 475 loso
781 445 936 484 graciam
962 444 1126 484 consequi
1148 444 1289 474 valeant
1310 444 1500 483 meliorem,
1517 446 1578 474 aut
1595 454 1675 475 cum

137 474 234 532 5319]
293 487 414 518 eodem
430 498 493 527 pro
510 488 635 518 minori
652 492 817 528 poterunt
835 489 1063 526 coneordare3
1089 490 1276 527 reservata,
1294 490 1423 526 tamen,
1442 489 1541 519 nobis
1560 492 1674 528 potes-

194 525 200 532 *
237 525 244 533 ¹
292 534 365 562 tate
376 532 527 571 augendi
544 532 598 562 vel
624 533 841 563 diminuendi
859 532 900 562 de
918 542 1054 562 summa
1070 533 1227 572 predicta
1244 535 1346 572 prout
1363 533 1476 563 visum
1494 533 1603 563 fuerit
1619 543 1674 563 ex-

292 576 411 615 pedire
425 578 459 606 et
470 576 544 606 fore
556 586 745 606 consonum
759 577 903 613 raei0ni3
916 577 1114 616 eisdemque
1128 577 1290 614 Roberto,
1301 577 1464 615 Johanni,
1478 580 1512 607 et
1525 577 1675 607 Martino

293 620 538 659 peragendam,
557 621 593 650 111
610 621 739 651 virtute
756 621 947 661 juramenti
964 630 1083 651 eorum
1101 621 1250 660 prestiti,
1268 621 1503 660 penitenciam
1523 621 1674 661 injunxi-

295 674 373 694 mus
398 664 807 704 infrascriptam,—quod
832 664 991 704 prefatus
1023 665 1204 702 Robertus,
1234 665 1365 695 nudato
1393 666 1516 704 capite,
1545 665 1674 705 absque

293 709 436 748 capucio
450 711 484 738 et
502 719 597 746 zona,
616 709 767 748 dictique
783 709 961 739 Johannes
983 711 1018 738 et
1042 709 1224 746 Martinus,
1241 709 1344 739 nudis
1361 709 1507 748 pedibus
1525 719 1564 739 ac
1581 709 1672 749 capi-

293 752 396 790 tibus,
414 753 542 792 absque
575 753 727 792 capuciis
759 756 793 783 et
825 753 929 790 zonis,
956 763 1070 782 coram
1101 753 1324 783 Processione
1348 754 1383 782 in
1409 753 1503 783 dicta
1520 753 1676 784 Ecclesia

294 799 414 826 nostra
439 796 650 834 Cathedrali,
668 797 780 826 tribus
805 797 996 827 Dominicis
1019 797 1149 827 Diebus
1166 797 1255 827 citra
1275 797 1417 827 Festum
1439 797 1673 836 Pentecostes,

293 840 458 870 incedant
476 841 603 880 singuli
620 851 750 878 eornm,
768 841 921 880 singulos
938 850 1055 871 cereos
1071 841 1234 871 ardentes
1250 841 1285 870 in
1304 841 1465 871 manibus
1481 851 1601 872 eorum
1618 841 1674 871 de-

296 883 460 923 ferentes,
486 894 526 915 ac
551 885 689 915 eosdem
722 895 838 915 cereos
862 885 907 915 ad
937 894 1080 914 manum
1113 885 1302 915 sacerdotis
1334 885 1500 924 Magnam
1532 885 1674 916 Missam

295 928 503 959 celebrantis
530 929 567 958 in
595 929 716 959 eadem
743 929 908 967 Ecclesia,
925 931 1003 968 post
1032 929 1257 959 Offertorium
1279 929 1436 969 ejusdem
1460 929 1574 967 Misse,
1592 930 1673 960 offe-

294 976 412 1003 rentes
422 973 603 1003 humiliter
619 976 654 1003 et
671 973 793 1003 devote
806 987 812 1010 ;
830 973 1114 1013 injunximusque
1125 973 1266 1011 eisdem,
1278 973 1342 1003 sub
1356 973 1473 1004 debito
1483 974 1675 1013 juramenti

293 1016 433 1055 prefati,
445 1017 535 1056 quod
552 1017 767 1047 consimilem
783 1017 1018 1056 penitenciam
1035 1024 1097 1056 per
1113 1017 1239 1055 omnia,
1257 1017 1293 1047 in
1311 1017 1467 1048 Ecclesia
1478 1018 1674 1048 Parochiali

294 1061 466 1098 Tottonie,
484 1061 571 1091 citra
590 1062 732 1091 Festum
751 1061 869 1091 Sancti
892 1061 987 1091 Petri
1006 1061 1098 1101 quod
1121 1061 1250 1091 dicitur
1265 1062 1320 1091 Ad
1338 1062 1485 1100 vincula,
1504 1066 1675 1101 peragant

295 1104 410 1134 debite
428 1108 463 1135 et
479 1106 669 1145 complete;
697 1115 842 1143 necnon,
860 1105 960 1145 quod,
985 1104 1079 1135 infra
1094 1114 1225 1135 annum
1242 1116 1262 1135 a
1280 1106 1334 1136 die
1352 1106 1431 1135 date
1450 1106 1674 1136 Presencium

293 1148 457 1179 continue
478 1149 744 1187 numerandum,
763 1149 887 1179 Sedem
915 1149 1152 1189 Apostolicam
1178 1150 1331 1188 visitent,
1358 1160 1420 1189 pro
1442 1150 1674 1181 Absolucione

294 1193 330 1222 in
356 1193 420 1223 hac
447 1197 546 1232 parte
569 1193 769 1233 optinenda,
796 1193 1002 1223 Mandatum
1027 1193 1266 1233 Apostolicum
1290 1203 1393 1233 super
1425 1194 1614 1233 premissis,
1635 1198 1674 1224 ut

293 1237 466 1275 convenit,
492 1238 686 1277 recepturi;
718 1247 758 1268 ac
774 1237 874 1277 qnod,
892 1237 986 1267 infra
1002 1247 1157 1268 mensem
1174 1240 1253 1277 post
1269 1238 1405 1277 lapsum
1423 1238 1507 1268 dicti
1523 1239 1616 1277 anni,
1630 1239 1674 1269 ad

292 1290 355 1311 nos
371 1281 528 1319 redeant,
545 1281 627 1321 quid
643 1282 680 1311 in
696 1281 876 1321 premissis
900 1281 1059 1319 fecerint,
1077 1284 1112 1312 et
1133 1282 1161 1312 si
1183 1292 1224 1312 ea
1241 1282 1519 1321 adimpleverint,
1538 1283 1673 1313 docturi

292 1327 327 1355 et
344 1325 499 1364 legitime
517 1326 689 1356 ostensuri
704 1340 710 1362 3
739 1325 835 1356 facta
851 1326 917 1356 fide
941 1325 1126 1356 sufficienti
1148 1326 1184 1355 111
1206 1326 1271 1356 hac
1288 1328 1387 1365 parte
1404 1336 1466 1366 per
1481 1327 1622 1357 eosdem
1640 1329 1674 1357 et

291 1378 411 1399 eorum
429 1369 620 1409 quemlibet
636 1370 727 1409 quod
745 1369 869 1399 Sedem
886 1369 1123 1409 Apostolieam
1135 1370 1315 1409 ‘prefatam
1329 1371 1472 1400 visitare
1485 1374 1673 1410 nequeunt,

291 1416 435 1453 propter
459 1413 613 1453 pericula
639 1414 819 1444 evidencia
850 1416 885 1443 et
916 1414 1168 1453 impedimenta
1196 1414 1363 1453 legitima,
1391 1415 1491 1454 juxta
1521 1414 1673 1445 formam

294 1457 446 1496 Capituli
457 1458 531 1496 Eos,
543 1458 582 1487 de
595 1457 771 1488 Sentencia
785 1458 1163 1496 Excommtmicaeionis,
1178 1458 1213 1488 li.
1230 1459 1271 1497 ιη’,
1283 1461 1319 1488 et
1332 1459 1478 1489 aliorum
1493 1459 1672 1489 Canonum

291 1501 327 1531 111
345 1501 410 1532 hac
426 1504 526 1541 parte
542 1502 685 1542 provide
707 1502 891 1540 editorum,
909 1502 1170 1540 absolverimus,
1188 1503 1329 1542 justicia
1350 1503 1517 1533 suadente
1532 1517 1539 1540 3
1565 1503 1672 1542 vobis,

292 1546 525 1576 communiter
537 1549 571 1576 et
583 1546 732 1584 divisim,
745 1546 998 1576 committimus
1015 1549 1049 1576 et
1065 1547 1274 1576 mandamus
1287 1547 1452 1586 quatinus
1463 1548 1674 1587 prescriptos

292 1589 493 1628 Robertum,
507 1590 714 1628 Johannem,
732 1593 767 1620 et
784 1590 975 1620 Martinum
994 1590 1042 1620 sic
1056 1590 1233 1621 absolutos
1244 1601 1318 1621 esse
1332 1591 1468 1630 publice
1482 1595 1517 1621 et
1528 1592 1673 1632 solemp-

291 1634 385 1664 niter
406 1635 590 1672 nuncietis,
619 1638 654 1664 et
680 1634 820 1664 faciatis
844 1644 907 1674 per
930 1635 1016 1664 alios
1040 1645 1135 1664 more
1162 1636 1267 1665 simili
1288 1635 1617 1666 nunciari.—Dated
1637 1638 1674 1666 at

292 1677 428 1717 Exeter,
446 1678 482 1708 in
499 1679 559 1709 the
577 1678 765 1709 Cathedral
783 1678 932 1717 Church,
952 1680 992 1708 15
1009 1679 1119 1718 April.

136 1733 194 1793 {2¹3
245 1736 711 1788 Lettei's-Dimiss01·y‚—

136 1801 227 1831 [Mn.
250 1792 343 1822 John
372 1793 544 1832 Rychard,
570 1793 720 1831 literate,
743 1792 819 1823 “ad
844 1793 994 1833 primam
1020 1796 1213 1831 tonsuram,
1242 1796 1276 1823 et
1305 1794 1348 1823 ad
1374 1803 1494 1824 omnes
1523 1794 1675 1825 Minores

138 1835 197 1865 us]
289 1836 436 1866 Ordines
447 1836 465 1848 '¹
487 1836 656 1876 (London,
674 1837 693 1869 7
713 1835 823 1877 May).

245 1906 446 1944 Silverton
466 1906 721 1958 [Sylfertone,
745 1909 780 1944 M
789 1907 845 1960 S]
863 1921 873 1954 3
903 1907 967 1944 Sir
986 1907 1092 1945 John
1113 1908 1267 1953 Pruste,
1293 1909 1406 1953 R„—

249 1962 454 1992 Relaxation
467 1962 504 2003 qt*
515 1962 787 2002 Sequest-ration,
802 1963 959 2002 imposed
972 1973 1016 1993 on
1027 1965 1175 1993 account
1186 1963 1222 1993 of
1233 1964 1506 2002 non-residmme,
1516 1965 1675 2003 granted,

292 2006 370 2043 and,
384 2006 465 2043 also,
476 2006 621 2036 Licence
633 2006 669 2036 of
682 2007 955 2045 non-residence,
970 2006 1296 2046 “contemplacione
1306 2008 1445 2038 Domini
1460 2009 1573 2047 Regis,
1583 2009 1676 2039 dicto

289 2050 437 2079 Domino
465 2060 568 2089 super
593 2050 658 2080 hoc
685 2051 914 2090 supplicantis
928 2065 934 2087 3
967 2051 1133 2090 quamdiu
1158 2051 1296 2091 prefato
1323 2052 1471 2082 Domino
1499 2053 1674 2093 placuerit

292 2094 691 2124 duraturam.'’—Dated
711 2095 864 2133 London,
883 2096 903 2125 8
922 2095 1012 2135 May.

247 2154 304 2190 St.
327 2152 511 2203 Tudy,—

208 2211 211 2214 '
246 2207 406 2245 Thomas,
419 2211 494 2246 eto,
512 2211 629 2239 nostre
647 2208 835 2239 Peeuliaris
852 2209 1114 2240 Jurisdiccionis
1130 2210 1167 2240 in
1185 2210 1361 2241 Cornubia
1377 2213 1412 2241 et
1425 2211 1674 2242 Archidiaconi

288 2252 399 2282 nostri
418 2252 590 2283 Cornubie
608 2252 840 2290 Officialibus;
860 2263 1005 2292 necnon,
1024 2254 1162 2284 Decano
1181 2255 1325 2285 Minoris
1342 2255 1490 2295 Trygge,
1507 2255 1669 2295 singulis-

288 2306 353 2336 que
380 2296 519 2327 Curatis
551 2297 707 2336 ejusdem
740 2297 947 2335 Decanatus‚
974 2308 1014 2329 ac
1045 2298 1197 2329 Johanni
1238 2299 1443 2338 Stapiltone,
1469 2300 1673 2339 Apparitori

289 2344 407 2370 nostro
426 2340 597 2378 Generali,
615 2341 773 2379 salutem,
791 2342 992 2372 etc—Cum
1009 2353 1072 2373 nos
1089 2343 1277 2373 Dominum
1297 2343 1483 2373 Ricardum
1509 2344 1669 2384 Welyng-

291 2391 381 2422 tone,
404 2385 586 2415 Rectorem
610 2385 762 2416 Ecclesie
789 2386 907 2416 Sancti
937 2386 1047 2424 Tudii,
1070 2387 1106 2416 in
1130 2387 1316 2425 Cornubia,
1334 2388 1377 2417 ad
1401 2389 1672 2427 comparendum

291 2438 408 2458 coram
426 2429 620 2459 Baronibus
637 2429 678 2459 de
697 2429 876 2460 Scaecario
899 2431 1038 2461 Domini
1063 2432 1174 2461 nostri
1197 2431 1311 2471 Regis,
1330 2432 1422 2471 apud
1441 2432 1672 2463 Westmonas-

291 2473 429 2510 terium,
442 2473 479 2502 in
492 2474 644 2503 crastino
657 2474 775 2503 Sancti
791 2474 969 2504 Michaelis
982 2475 1138 2514 proximo
1155 2476 1333 2515 preterito,
1345 2480 1379 2505 et
1392 2476 1672 2515 respondendum

291 2516 403 2546 eidem
423 2527 527 2556 super
551 2517 696 2547 diversis
713 2518 811 2548 bonis
833 2523 868 2548 et
894 2519 1029 2549 catallis
1054 2529 1119 2558 que
1144 2520 1288 2549 fuerunt
1316 2520 1457 2549 Roberti
1481 2520 1672 2560 Tresylian,

294 2560 424 2598 Militis,
442 2561 609 2598 defuncti,
626 2562 670 2591 ad
691 2562 883 2592 valencialn
904 2563 998 2593 mille
1019 2573 1224 2601 marcarum,
1242 2574 1307 2603 que
1326 2573 1386 2603 per
1410 2564 1671 2595 forisfacturam

292 2604 448 2644 ejusdem
467 2605 608 2635 Roberti
626 2605 668 2635 ad
686 2606 799 2645 ipsum
819 2606 947 2644 Regem
967 2607 1143 2646 pertinent
1162 2610 1326 2647 tanquam
1346 2607 1536 2645 forisfacto,
1554 2612 1589 2638 et
1606 2619 1672 2648 que

293 2649 337 2678 ad
354 2658 478 2678 manus
494 2649 641 2688 predicti
660 2650 809 2687 Ricardi,
827 2653 865 2679 ut
883 2651 1020 2689 (licitur,
1037 2651 1263 2688 devenerunt,
1281 2652 1344 2681 sub
1364 2662 1453 2690 pena
1472 2653 1671 2691 Sequestra-

291 2693 400 2722 cionis
415 2693 594 2723 fructuum
614 2694 766 2724 Ecclesie
784 2704 843 2724 sue
866 2695 1020 2734 predicte
1038 2695 1185 2725 fecimus
1201 2696 1391 2734 premuuiri
1407 2710 1414 2733 ;
1443 2706 1574 2734 verum,
1592 2697 1673 2736 quia.

293 2737 385 2766 idem
413 2737 592 2775 liic-ardus,
620 2737 694 2768 1000
720 2740 754 2768 et
782 2739 931 2768 termino
957 2739 1176 2778 supradietis,
1203 2750 1318 2769 eoram
1348 2740 1451 2770 dictis
1478 2740 1672 2771 Bai-onibus

294 2781 436 2811 minime
450 2782 655 2821 comparuit,
667 2781 795 2821 prefati
809 2782 972 2821 Bai-ones,
983 2793 1023 2813 eo
1040 2784 1271 2822 quoddictum
1287 2784 1473 2813 Dominum
1486 2785 1671 2814 Ricardum

292 2825 336 2855 ad
346 2825 502 2864 prefatos
518 2826 608 2855 diem
627 2829 662 2855 et
678 2826 789 2856 locum
808 2826 925 2856 venire
942 2836 1010 2856 11011
1028 2827 1185 2864 fecimus,
1199 2833 1302 2867 prout
1319 2838 1380 2867 per
1398 2828 1506 2858 Breve
1526 2828 1671 2867 Regium

293 2869 392 2899 nobis
410 2870 696 2907 demandabatnr,
715 2880 776 2900 nos
801 2870 835 2900 111
860 2870 1010 2901 exitibus
1030 2876 1219 2910 posuerunt
1237 2872 1392 2910 graviter
1408 2876 1443 2902 et
1467 2873 1672 2903 multarunt.

291 2912 392 2945 Unde
408 2924 471 2944 nos
484 2913 631 2952 fructus,
648 2914 814 2953 redditus,
826 2917 861 2945 et
882 2920 1072 2955 proventus
1090 2925 1323 2956 quoscumque
1347 2916 1392 2946 ad
1408 2917 1538 2947 dictam
1557 2917 1671 2948 Eccle-
