1907 3212
453 329 821 364 TESTAMENTUM
862 327 1284 363 EP1sc0P1-ANN0
1324 318 1420 361 240.
1608 316 1703 361 743

332 435 373 469 et
393 432 562 481 quilibet
589 445 740 482 pauper
759 432 923 470 clericus
957 431 1197 468 Psalterium
1218 429 1352 467 dicens
1372 428 1508 467 eodem
1531 433 1706 478 tempore

332 485 479 523 habeat
499 487 596 535 iiijcl.
657 487 772 531 Item,
797 485 977 522 Ministri
996 484 1173 534 ejusdem
1196 484 1369 521 Ecclesie
1398 484 1579 528 minores,
1602 483 1706 520 sicut

331 540 563 577 secundarii
604 539 676 592 [et]
707 540 889 577 Cboriste
924 539 1107 584 Ecclesie,
1142 539 1229 587 lego
1262 537 1427 575 cuilibet
1456 537 1632 586 presenti
1665 540 1705 573 et

334 594 569 631 psalterium
589 594 739 631 dicenti
760 594 838 643 vjd.
898 594 1014 638 Item,
1036 592 1219 630 omnibus
1243 592 1447 641 Religiosis
1466 591 1643 640 personis
1664 591 1705 627 in

330 647 394 685 die
414 648 617 697 sepulture
646 661 729 685 mee
756 647 1018 697 presentibus,
1049 646 1214 684 cuilibet
1242 646 1338 695 xijd.
1398 646 1514 690 Item,
1537 644 1706 694 quilibet

331 701 554 739 Canonicus
592 701 698 740 dicte
738 701 921 746 Ecclesie,
962 701 1029 750 qui
1066 713 1227 750 presens
1257 699 1381 736 fuerit
1412 703 1588 748 tempore
1628 699 1704 735 Ex-

331 756 513 804 quiarum
547 769 734 801 mearum,
767 755 914 792 habeat
952 755 1031 792 xld.
1056 767 1065 800 3
1105 753 1274 803 quilibet
1305 753 1493 790 Vicarius
1526 752 1704 802 ejusdem

333 810 507 847 Ecclesie
535 823 695 859 presens
716 810 822 854 xxd„
845 812 886 846 et
905 808 1075 858 quilibet
1104 807 1370 845 Annuelarius
1398 820 1558 856 presens
1579 807 1674 856 xijd.
1695 820 1705 853 3

331 864 500 912 quilibet
538 863 804 901 Secundarius
835 863 959 912 viijd,
999 866 1040 899 et
1078 861 1247 911 quilibet
1277 874 1375 910 puer
1406 861 1591 898 Chorista
1623 861 1702 909 vjd.

333 917 527 955 Custodes
555 918 728 955 Ecclesie
753 917 959 966 pulsantes
987 929 1199 964 campanas
1226 915 1362 952 debito
1388 914 1513 960 modo,
1537 914 1706 964 quilibet

332 972 427 1020 xijd.
487 972 603 1017 Item,
628 972 787 1008 Fratres
815 970 1032 1019 Hospitalis
1061 970 1199 1007 Sancti
1227 969 1422 1007 ,Iohannis
1453 969 1702 1014 Exoniensis‚

332 1025 500 1074 quilibet
520 1026 578 1074 ijs.
599 1039 608 1071 ,-
637 1029 679 1062 et
698 1024 863 1062 cuilibet
882 1025 1039 1061 infirmo
1059 1023 1207 1061 ibidem
1227 1023 1314 1073 lego
1334 1023 1429 1071 xijcl.
1490 1023 1606 1068 Item,
1628 1023 1706 1059 cui-

332 1079 431 1116 libet
463 1080 620 1116 infirmo
650 1080 692 1115 in
729 1079 928 1127 Hospitali
961 1079 1080 1115 Beate
1118 1077 1239 1114 Marie
1272 1076 1515 1126 Magdalene,
1549 1080 1590 1114 et
1616 1077 1705 1113 aliis

335 1133 609 1182 Hospitalibus
631 1133 867 1170 Exoniensis
889 1132 1073 1177 Diocesis,
1091 1131 1256 1169 cuilibet
1271 1131 1364 1179 xijd.
1410 1131 1525 1175 Item,
1541 1130 1707 1168 cuilibet

332 1187 497 1236 pauperi
525 1186 746 1236 presbitero
778 1186 996 1235 Hospitalis
1025 1186 1162 1223 Sancti
1191 1184 1388 1222 Gabrielis
1417 1184 1466 1222 de
1496 1185 1598 1222 Clist
1624 1185 1703 1221 xld.

334 1242 449 1286 Item,
485 1241 651 1278 cuilibet
688 1241 932 1277 incarcerato
972 1240 1136 1285 Exonie,
1172 1252 1243 1288 pro
1279 1238 1368 1276 cibo
1407 1238 1583 1284 emendo,
1625 1239 1704 1275 xld.

334 1296 450 1340 Item,
472 1294 638 1332 cuilibet
656 1295 902 1331 incarcerato
922 1293 1028 1330 infra
1049 1293 1247 1330 Diocesim
1269 1293 1535 1330 Exoniensem
1555 1306 1625 1342 pro
1645 1292 1708 1330 de-

333 1348 418 1386 bito
438 1349 544 1386 infra
569 1362 763 1386 summam
790 1352 950 1385 centum
979 1347 1205 1392 solidorum,
1228 1360 1298 1396 pro
1322 1346 1610 1384 deliberacione
1636 1360 1708 1384 sua

334 1416 526 1440 summam
560 1416 629 1452 per
662 1403 791 1452 ipsum
825 1401 1012 1439 debitam.
1072 1402 1189 1447 Item,
1221 1401 1385 1438 cuilibet
1416 1401 1574 1438 Hectori
1603 1401 1708 1438 dicte

335 1457 523 1494 Civitatis
543 1457 719 1506 presenti
741 1457 782 1493 in
809 1456 999 1505 Exequiis
1028 1456 1124 1493 meis
1144 1456 1202 1504 ijs.
1262 1456 1379 1501 Item,
1402 1454 1566 1492 cuilibet
1594 1468 1708 1504 aque-

335 1511 469 1559 bajulo
486 1511 753 1548 Ecclesiarum
769 1510 968 1553 Civitatis,
985 1510 1162 1559 pulsanti
1178 1509 1294 1546 modo
1307 1509 1453 1554 debito,
1472 1510 1551 1557 vjd.
1589 1509 1705 1554 Item,

334 1566 422 1602 volo
441 1564 556 1615 quod,
578 1569 669 1614 post
688 1565 792 1601 diem
813 1564 1016 1613 sepulture
1036 1577 1130 1608 mee,
1148 1577 1218 1612 per
1233 1577 1316 1599 xxx
1332 1563 1425 1608 dies,
1449 1563 1548 1600 fiant
1561 1563 1706 1600 cotidie

335 1620 523 1668 Exequie,
555 1633 643 1656 cum
672 1619 808 1663 Missa,
840 1619 882 1655 in
913 1618 1052 1663 Chore,
1087 1618 1147 1655 vel
1177 1618 1255 1654 alio
1284 1618 1367 1654 loco
1396 1618 1638 1666 competent-i
1668 1617 1708 1653 in

333 1673 470 1710 eadem
491 1673 667 1710 Ecclesia
684 1686 693 1719 3
723 1679 763 1710 et
784 1672 952 1722 quilibet
976 1672 1199 1709 Canonicus
1220 1671 1325 1708 dicte
1347 1672 1528 1716 Ecclesie‚
1552 1672 1619 1721 qui
1639 1684 1709 1720 per

334 1727 460 1764 dictos
477 1741 559 1763 xxx
575 1727 658 1764 dies
678 1740 837 1776 presens
858 1726 979 1763 fuerit
1000 1726 1042 1762 in
1063 1725 1180 1762 dictis
1204 1726 1400 1774 Exequiis,
1422 1724 1601 1777 [habeat]
1618 1738 1709 1774 quo-

335 1781 434 1818 libet
453 1781 517 1818 die
539 1782 616 1830 vjd.
638 1794 647 1827 3
668 1780 837 1829 quilibet
857 1780 1044 1817 Vicarius
1059 1784 1100 1816 et
1114 1780 1388 1816 Annuelarius
1408 1792 1568 1828 presens
1584 1780 1681 1828 iiijd.
1699 1792 1709 1825 3

336 1834 504 1884 quilibet
524 1834 790 1871 Secundarius
810 1834 906 1883 iijd„
929 1838 970 1871 et
989 1833 1158 1883 quilibet
1181 1846 1280 1882 puer
1309 1833 1493 1870 Chorista
1513 1834 1579 1882 ijcl.
1642 1833 1706 1878 Et,

336 1889 369 1925 si
401 1889 624 1925 Canonicus
658 1889 898 1937 solempnem
931 1888 1089 1924 Missam
1117 1887 1164 1924 de
1196 1887 1384 1936 Requiem
1412 1900 1483 1936 pro
1513 1901 1574 1925 mc
1604 1887 1710 1923 infra

337 1942 534 1991 predictos
555 1956 637 1978 xxx
657 1941 740 1979 dies
769 1941 1040 1986 celebraverit,
1072 1940 1219 1978 habeat
1238 1941 1374 1978 eodem
1395 1941 1459 1978 die
1482 1941 1578 1978 alios
1600 1942 1679 1989 vjd.
1699 1954 1709 1987 3

336 2001 377 2034 et·
403 1997 434 2033 si
462 1996 648 2033 Vicarius
668 1996 741 2033 boc
760 1996 911 2040 fecerit,
934 1995 1081 2032 habeat
1099 1995 1196 2031 alios
1218 1995 1328 2043 iiijd.‚
1352 1994 1530 2044 quolibet
1549 1995 1613 2032 die
1633 2008 1710 2044 quo

338 2051 391 2087 sic
413 2049 683 2087 celebraverit.
742 2050 858 2094 Item,
887 2050 976 2086 volo
1005 2048 1109 2098 quod
1139 2050 1210 2085 fiat
1237 2049 1431 2098 generalis
1461 2048 1707 2094 distribueio,

337 2104 400 2141 die
439 2104 641 2153 sepulture
679 2117 773 2148 mee,
813 2103 996 2141 omnibus
1033 2102 1274 2152 pauperibus
1310 2103 1561 2141 venientibus
1592 2116 1710 2140 causa

337 2159 546 2195 elemosine
576 2157 807 2206 recipiendo,
831 2157 995 2195 cuilibet
1013 2158 1067 2205 jd.
1090 2156 1139 2193 ad
1170 2157 1310 2194 minus.
1358 2158 1473 2203 Item,
1497 2157 1585 2195 volo
1605 2157 1710 2207 quod

336 2217 496 2249 centum
516 2225 707 2261 pauperes
727 2212 809 2248 sint
830 2212 965 2249 vestiti
994 2225 1127 2260 panno
1154 2211 1266 2260 nigro
1287 2211 1347 2249 vel
1367 2212 1505 2261 griseo,
1528 2211 1710 2249 sedentes

338 2266 398 2303 vel
419 2270 572 2303 stantes
592 2266 695 2302 circa
724 2279 863 2314 corpus
894 2279 1022 2303 meum
1045 2266 1086 2301 in
1109 2265 1243 2314 vigilia
1271 2269 1313 2302 et
1341 2266 1382 2302 in
1416 2265 1480 2303 die
1506 2266 1710 2314 sepulture

338 2333 430 2365 mee,
454 2324 494 2357 et
514 2319 660 2357 habeat
680 2319 847 2369 quilibet
867 2320 965 2368 iiijd.
1007 2320 1122 2364 Item,
1143 2319 1229 2356 volo
1242 2319 1347 2368 quod
1364 2319 1540 2369 quelibet
1565 2321 1709 2357 Domus

340 2374 625 2423 Religiosorum
647 2373 963 2411 Mcndicancium
992 2373 1098 2410 infra
1119 2373 1336 2411 Civitatem
1356 2378 1397 2411 et
1427 2374 1624 2411 Diocesim
1645 2374 1710 2410 ha-

339 2427 430 2465 beat
457 2428 540 2472 xlx„
572 2427 622 2464 ad
649 2427 929 2465 celebrandum
960 2431 1001 2465 ct
1029 2427 1223 2465 orandum
1252 2441 1323 2476 pro
1343 2441 1415 2465 me.
1475 2428 1591 2473 Item,
1621 2428 1709 2465 volo

338 2481 441 2531 quod
462 2481 637 2531 quelibet
656 2495 824 2530 persona
844 2481 1041 2531 Religiosa
1066 2482 1383 2530 posscssionaria,
1403 2483 1611 2531 utriusque
1627 2495 1709 2519 sex-

338 2549 393 2580 us,
425 2536 466 2572 in
494 2535 668 2572 Civitate
697 2539 737 2572 et
768 2536 935 2581 Diocesi,
965 2536 1032 2585 qui
1058 2536 1199 2573 feccrit
1225 2536 1424 2584 Exequias
1454 2536 1494 2572 in
1526 2536 1707 2573 Ecclesiis

337 2590 418 2626 suis
450 2589 514 2626 die
547 2589 750 2637 sepulture
781 2603 875 2634 mee,
911 2589 1057 2627 habeat
1091 2590 1201 2638 xijcb,
1232 2589 1282 2626 ad
1311 2589 1505 2626 orandum
1534 2603 1605 2638 pro
1634 2603 1705 2627 me.

338 2644 453 2688 Item,
476 2644 562 2691 lego
583 2643 812 2680 Precentori
834 2643 1004 2680 Ecclesic
1025 2643 1240 2691 Collegiate
1260 2646 1404 2681 Sancte
1426 2644 1562 2681 Crucis¹
1584 2643 1709 2680 Cridi-

339 2698 457 2742 tome,
497 2702 538 2733 et
575 2696 739 2734 cuilibet
778 2698 976 2734 (lanonico
1013 2697 1190 2745 ejusdem
1230 2697 1411 2742 Ecclesie,
1453 2699 1628 2746 present-i
1666 2699 1707 2734 in

341 2751 512 2788 Ecclesia
532 2764 613 2795 sua,
630 2751 701 2799 ijs,
720 2750 769 2787 ad
783 2750 1061 2787 celebrandum
1086 2752 1282 2800 Exequias
1298 2751 1361 2788 (lic
1377 2752 1579 2800 sepulture
1601 2765 1683 2789 mec
1699 2765 1707 2797 ;

338 2807 496 2843 Decano
511 2805 687 2853 ejusdem
711 2805 890 2850 Ecclesie,
909 2809 949 2841 et
964 2804 1128 2842 cuilibet
1145 2805 1307 2841 Vicario
1322 2805 1499 2854 ejusdem
1522 2806 1705 2851 Ecclesie,

338 2860 433 2908 xijd.
493 2860 609 2904 Item,
631 2858 796 2896 cuilibet
815 2859 955 2896 clerico
974 2863 1015 2896 et
1034 2872 1156 2907 puero
1182 2859 1363 2897 Choriste
1382 2859 1559 2908 ejusdem
1582 2860 1708 2897 Eccle-

335 2914 391 2951 sie
411 2914 490 2962 vjd.
563 2913 680 2958 Item,
711 2913 797 2962 lego
827 2912 1004 2959 Custodi,
1038 2913 1233 2959 Ministro,
1266 2913 1443 2959 Cantori‚
1465 2918 1506 2951 et
1535 2914 1707 2951 Sacriste
