1907 3212
150 306 242 352 738
351 321 451 353 THE
491 319 736 353 REGISTER
774 318 833 352 OF
869 318 1047 353 BISHOP
1083 318 1489 352 BRANTYNGHAM.

149 420 223 480 ᾒέὲῗζ
261 422 474 460 Tavistock
497 421 643 473 Abbey
660 435 669 469 3
701 422 942 459 illavzdatmn
965 436 1041 471 pro
1064 429 1180 472 parte
1212 422 1350 460 Thome
1380 422 1585 471 Wyndout‚
1616 421 1697 458 Mo-

150 488 212 513 Vol.
230 488 250 513 1.
317 477 436 514 machi
458 477 493 513 T
491 476 774 526 avystochie,—

262 532 364 570 Item,
390 532 529 571 ibidem,
562 532 756 572 penultimo
788 532 843 562 die
875 532 1005 562 mensis
1031 531 1258 572 Septembris,
1285 531 1462 563 emanavit
1488 531 1697 562 Mandatum

307 577 478 607 directum
498 577 636 607 Deeano
648 576 802 607 Ecelesie
815 576 1036 607 Cathedralis
1054 576 1269 615 Exoniensis,
1289 587 1360 614 seu,
1378 577 1413 606 in
1431 576 1507 617 ejus
1524 575 1698 612 absencia,

308 621 504 651 Presidenti
523 621 675 660 Capituli
693 621 851 661 ejusdem
870 621 1023 651 Ecclesie
1048 631 1088 651 ac
1113 621 1275 651 omnibus
1299 627 1335 651 et
1360 621 1506 660 singulis
1524 620 1617 650 dicte
1635 619 1697 649 Ee-

308 665 410 695 clesie
444 665 651 695 Exoniensis
687 665 894 702 Canonicis3
934 675 1080 703 necnon,
1112 665 1243 695 Abbati
1276 665 1480 695 Monasterii
1512 665 1554 694 de
1587 664 1697 703 Tavy-

310 709 418 748 stoke,
437 709 548 739 Priori
573 709 615 739 de
640 710 861 749 Plymptone,
879 709 1093 749 singulisque
1119 709 1325 740 Rectoribus
1349 712 1385 740 et
1409 709 1558 739 Vicariis
1582 707 1698 738 Eccle—

309 753 439 783 siarum
470 754 729 784 Parochialium
757 764 797 784 ac
827 753 1024 793 capellanis
1051 754 1327 794 quibuscumque
1359 764 1421 793 per
1448 753 1636 784 Civitatem
1663 755 1699 783 et

310 798 485 828 Diocesim
503 798 716 828 Exonienses
732 798 879 828 ubilibet
895 798 1106 836 constitutis,
1123 798 1167 828 ad
1191 798 1473 828 denunciandum
1489 807 1548 828 eos
1564 807 1698 827 excom-

310 842 507 872 municatos
532 842 568 872 in
596 853 722 882 genere
750 842 809 882 qui
840 842 1038 883 injecerunt
1070 853 1196 873 manus
1226 842 1399 872 violentas
1430 841 1466 872 in
1498 842 1698 881 Dompnnm

312 887 481 916 Thomam
495 887 682 926 VVyndout,
700 887 913 926 Religiosum
931 889 966 917 et
983 887 1193 917 Monachum
1211 887 1296 917 dicti
1314 886 1518 917 Monasterii
1529 886 1571 916 de
1589 886 1699 925 Tavy-

312 931 421 970 stoke,
440 931 602 961 clericum
621 934 656 961 et
680 931 716 961 in
742 931 871 961 Ordine
897 931 1113 962 Sacerdotali
1137 931 1378 969 constitutum,
1396 941 1436 961 ae
1454 931 1488 960 in
1505 930 1626 960 eodem
1645 940 1700 960 ex-

313 985 431 1015 presse
448 975 657 1015 professum,
670 981 851 1015 vestesque
863 981 897 1005 et
911 978 1091 1005 tonsuram
1104 986 1165 1006 suo
1183 975 1303 1006 Ordini
1318 977 1550 1015 congruentes
1563 974 1700 1014 publice

313 1019 542 1058 deferentem,
567 1030 608 1050 ac
631 1020 668 1050 in
691 1020 823 1050 eisdem
847 1020 1004 1051 vestibus
1027 1024 1063 1051 et
1087 1022 1232 1051 tonsura
1256 1019 1497 1057 incedentem5
1522 1019 1558 1049 in
1583 1028 1666 1049 casu
1683 1028 1703 1048 a

312 1063 390 1104 jure
406 1074 476 1094 non
492 1064 672 1104 permissQ
689 1066 756 1095 etc.

157 1123 237 1182 {3313-
268 1123 736 1174 Letters-Dimissory‚—-

159 1179 421 1220 [Ocro-Wffll'am
440 1178 546 1217 Aller,
565 1179 720 1218 accolite,
740 1178 758 1191 “’
772 1179 815 1210 ad
833 1189 954 1210 omnes
973 1179 1096 1211 Sacros
1113 1178 1290 1211 Ordincs'’
1312 1177 1438 1220 (Clyst,
1458 1179 1499 1209 10
1516 1175 1622 1218 Oct.).

159 1226 240 1254 BER-l
272 1223 403 1253 Walter
419 1223 618 1263 Penymela,
674 1226 697 1302 P

271 1267 422 1297 William
449 1267 553 1308 Bray,

269 1312 362 1342 John
379 1312 580 1352 Trevelyen,
595 1313 665 1343 and

270 1356 422 1386 William
440 1356 521 1396 Eyr,

267 1416 438 1453 Genera]
460 1416 644 1454 Licences
661 1430 670 1463 3
701 1423 737 1454 to
757 1416 1006 1462 celebrata—-

272 1472 374 1509 Item,
399 1472 538 1509 ibidem,
564 1472 623 1512 xiij
651 1472 705 1503 die
738 1472 868 1503 mensis
900 1473 1070 1510 Octobris,
1105 1472 1275 1503 Dominus
1308 1472 1479 1503 concessit
1506 1471 1701 1501 Licenciam

314 1516 463 1546 Domino
479 1516 632 1546 Johanni
649 1517 691 1547 de
708 1517 743 1547 la
760 1517 941 1556 Pomeray,
961 1517 1074 1555 Militi,
1092 1522 1127 1547 et
1145 1517 1292 1547 Domine
1309 1517 1468 1547 Johanne
1493 1516 1569 1555 ejus
1594 1514 1701 1551 uxori,

315 1561 406 1600 quod
430 1561 564 1599 possint
588 1560 705 1591 facere
737 1561 904 1591 celebrari
931 1561 1059 1591 Divina
1082 1561 1118 1591 in
1143 1561 1417 1601 quibuscumque
1443 1560 1603 1600 Capellis,
1629 1559 1701 1589 sive

316 1605 496 1643 Oratoriis,
514 1607 575 1635 aut
599 1605 678 1635 aliis
702 1605 786 1635 locis
810 1606 967 1636 honestis
991 1605 1084 1635 infra
1109 1605 1266 1635 Maneria
1284 1616 1344 1635 sua
1370 1614 1584 1645 quecumque
1610 1602 1703 1633 infra

315 1649 488 1679 Diocesim
507 1649 737 1680 Exoniensem
755 1649 885 1680 situata
900 1664 907 1687 ;
925 1650 969 1680 ad
985 1650 1242 1689 beneplacitum
1262 1649 1410 1686 Domini,
1428 1652 1493 1679 etc.

159 1691 232 1721 [N0·
278 1694 380 1731 Item,
407 1693 612 1724 duodecimo
640 1694 694 1724 die
714 1694 844 1724 mensis
870 1694 1089 1732 Novembris,
1106 1694 1199 1733 apud
1225 1694 1322 1731 Clist,
1344 1693 1513 1724 Dominus
1533 1691 1702 1723 concessit

159 1733 240 1789 ἓξὲξ
323 1738 521 1768 Licenciam
539 1738 670 1768 Thome
688 1738 868 1778 Pomeray,
886 1745 919 1769 et
937 1739 1097 1769 <Iohanne
1114 1739 1190 1778 ejus
1206 1739 1314 1775 uxori,
1332 1738 1423 1777 quod
1440 1738 1573 1777 possint
1588 1736 1703 1766 facere

221 1780 226 1784 ⁴
317 1782 484 1813 celebrari
502 1782 629 1812 Divina
646 1782 681 1812 in
698 1783 971 1823 quibuscumque
990 1783 1150 1822 Capellis,
1169 1783 1240 1813 sive
1259 1782 1437 1819 Oratoriis,
1449 1784 1509 1812 aut
1527 1781 1602 1811 aliis
1620 1780 1704 1810 loeis

316 1827 482 1865 honestis,
500 1826 595 1857 infra
614 1827 803 1858 Civitatem
821 1830 856 1858 et
879 1827 1051 1858 Diocesim
1072 1827 1284 1858 Exonienses
1301 1827 1447 1857 ubilibet
1473 1826 1635 1863 situatis;
1659 1825 1703 1855 ad

316 1871 575 1911 beneplacitum
592 1871 742 1909 Domini,
760 1874 825 1902 etc.

273 1930 421 1967 Lezant
443 1928 651 1982 [Lansant,
674 1929 780 1983 MS]
799 1944 808 1977 3
828 1931 891 1968 Sir
911 1931 1076 1969 Patria-k
1097 1935 1183 1968 atte
1203 1930 1343 1976 WVode,
1367 1930 1487 1976 R„-

275 1986 421 2017 Licence
440 1986 476 2016 of
492 1986 757 2017 non-residence
774 1987 829 2017 for
845 1989 915 2017 two
931 1997 1033 2028 years
1053 1985 1164 2027 (same
1182 1984 1293 2026 date).

270 2045 734 2097 Letters-Diniissory‚——-

275 2101 341 2131 Oto
362 2101 461 2141 Brys,
609 2104 631 2181 >

275 2145 597 2227 Ξῗξζζὲῧῖοῖέῗὲἦᾱ
610 2184 630 2268 S
658 2168 831 2207 accolites,
850 2168 867 2181 “
877 2168 921 2199 ad
932 2179 1052 2199 omnes
1067 2169 1189 2200 Sacros
1203 2167 1377 2200 Ordines''
1397 2166 1523 2208 (Clyst,
1537 2168 1576 2197 15
1589 2163 1707 2205 Now).

276 2234 391 2274 Philip
409 2235 574 2273 Roskasa,

274 2293 562 2331 Northmolton
580 2307 589 2340 3
623 2295 686 2331 Sir
707 2294 884 2332 Riehard
909 2295 1106 2341 Raundes,
1130 2295 1248 2341 R.‚-—

277 2350 422 2380 Lieence
440 2349 476 2380 of
500 2350 764 2381 non-residenee
782 2350 837 2381 for
854 2357 922 2381 two
939 2361 1051 2390 years,
1066 2350 1083 2363 “
1099 2348 1398 2390 contemplacione
1411 2349 1551 2380 Domini
1563 2348 1704 2384 Thome,

322 2394 429 2468 3311015
451 2394 677 2476 G)loucestrie,
696 2395 845 2426 Domino
867 2405 972 2435 super
989 2395 1053 2426 hoc
1076 2395 1274 2435 specialiter
1290 2392 1548 2435 supplicantis'’
1577 2391 1704 2432 (Clyst,

380 2454 394 2468 1
415 2449 466 2469 ov.
486 2462 492 2469 .

273 2501 522 2539 Jacobstowe
544 2501 710 2552 (Devon)
728 2515 738 2549 3
768 2503 831 2540 Sir
852 2503 1027 2540 william
1047 2504 1198 2548 Clerke,
1223 2505 1338 2549 R„—

278 2558 423 2588 Licence
440 2558 477 2588 of
500 2558 775 2596 non-residence,
793 2559 862 2588 and
879 2561 915 2589 to
931 2561 995 2598 put
1012 2559 1066 2590 his
1084 2559 1243 2589 Benefiee
1261 2562 1321 2589 out
1338 2561 1374 2589 to
1391 2558 1494 2597 farm,
1509 2557 1705 2597 “quamdiu

322 2602 461 2632 steterit
478 2602 513 2631 in
531 2602 704 2641 obsequiis
722 2603 881 2641 Magistri
900 2603 1059 2642 Hugonis
1072 2603 1114 2633 de
1132 2604 1340 2643 Hickelyng,
1353 2602 1572 2633 Precentoris
1590 2601 1705 2631 Eccle-

323 2646 372 2676 sie
390 2646 609 2677 Cathedralis
628 2647 757 2676 Exonie
772 2661 779 2683 ς
803 2650 837 2677 et
855 2648 945 2687 qnod
962 2647 1073 2687 possit
1090 2648 1264 2678 celebrare
1290 2647 1415 2677 Divina
1431 2647 1467 2677 in
1484 2646 1703 2686 quibuscum-

322 2701 388 2730 que
417 2691 576 2729 Capellis,
600 2691 672 2721 sive
699 2690 878 2729 Oratoriis,
903 2698 964 2721 aut
991 2692 1068 2722 aliis
1096 2692 1180 2722 locis
1205 2692 1361 2722 honestis
1388 2691 1482 2721 infra
1507 2689 1706 2720 Mansiones

322 2735 405 2764 dicti
424 2735 583 2774 Magistri
603 2735 762 2774 Hugonis
779 2735 925 2766 ubilibet
943 2736 1083 2766 situatis
1097 2735 1114 2748 ’⁷
1136 2734 1262 2776 (Clyst,
1279 2736 1321 2768 27
1339 2733 1457 2775 Novy).

278 2797 629 2847 Bishopsteignton
647 2811 656 2844 3
686 2798 750 2835 sir
768 2798 878 2835 John
900 2798 1074 2844 Duffeld,
1097 2799 1220 2844 V„—

280 2853 424 2937 Liezence
442 2856 478 2883 to
495 2853 619 2937 ch()›ose
637 2853 691 2885 his
707 2864 785 2884 own
803 2853 1019 2893 Confessors‚
1037 2864 1101 2886 one
1118 2865 1157 2885 or
1173 2864 1290 2893 more3
1315 2854 1332 2867 “
1347 2854 1390 2884 ad
1412 2852 1669 2893 beneplacitum
1684 2851 1703 2864 '’

343 2907 437 2928 same
459 2897 539 2927 date
564 2921 570 2928 .

754 1290 928 1329 aceoliteS‚
947 1290 964 1303 ‘⁵
979 1291 1024 1321 ad
1041 1290 1192 1322 on1nes''
1211 1290 1336 1331 (Clyst,
1356 1291 1395 1320 11
1415 1287 1520 1329 Oct.).
