1907 3212
166 274 259 317 906
382 284 484 317 THE
519 283 760 317 REGISTER
795 283 857 316 or
892 282 1069 316 BISHOP
1104 281 1506 316 BRANTYNGHAM.

326 385 468 434 bishop
501 384 543 422 of
576 384 841 435 Canterbury,
874 384 963 421 Vol.
997 384 1030 429 I,
1062 383 1129 421 fol.
1167 381 1276 429 322b‚
1313 383 1376 421 for
1405 382 1474 421 the
1503 382 1710 434 discovery

327 439 368 477 of
401 439 531 476 which
570 439 591 475 I
631 452 694 475 am
728 437 921 476 indebted
952 442 994 475 to
1024 437 1094 475 the
1128 437 1320 475 kindness
1349 437 1391 474 of
1420 438 1492 475 Mr.
1526 438 1706 487 Baigent,

328 494 413 531 solv
415 507 455 531 es
476 493 545 530 the
565 492 788 543 difficulty:
794 515 844 519 -

166 559 210 588 [A.
217 558 252 583 D·
278 561 604 590 ARCHIDIACONATU
610 568 625 588 5
643 559 879 590 EXONIENSIS
883 559 1030 593 —Item
1048 559 1143 598 vijfflO
1161 558 1216 588 die
1232 558 1363 588 mensis
1380 558 1593 597 Decembris,
1607 559 1710 588 Anno

166 591 253 621 1408]
324 605 465 635 Domini
482 604 668 634 Millesimo
687 603 849 634 CCCan
865 606 998 641 octavo,
1016 603 1053 633 in
1074 603 1236 633 Rectoria
1253 603 1295 633 de
1312 603 1521 641 Northflete,
1538 602 1709 633 Dominus

322 649 471 679 contulit
495 648 829 678 Archidiaconatum
855 628 1098 685 Exonieiisem,
1124 649 1319 685 vacantem,
1345 649 1381 677 et
1404 647 1448 677 ad
1473 657 1572 677 suam
1598 647 1707 677 Colla·

322 694 456 724 cionem
480 693 557 733 jure
583 693 647 722 sibi
672 692 708 722 in
732 702 773 722 03
797 695 896 732 parte
928 692 1085 732 legitime
1114 691 1278 721 devoluto
1304 693 1534 730 spectantem,
1561 691 1710 721 Domino

322 738 495 768 Willelmo
519 737 678 776 Pyltone,
695 737 884 776 capellano,
909 739 945 767 et
969 737 1083 776 ipsum
1107 735 1402 766 Archidiaconum
1425 734 1575 775 prefecit
1599 738 1634 766 et
1657 736 1708 766 in-

323 782 438 813 stituit
457 782 631 812 Canonice
648 781 684 811 in
703 781 835 819 eodem,
853 791 933 811 cum
959 781 1030 811 suis
1053 780 1191 821 juribus
1215 782 1251 810 et
1274 780 1502 819 pertinenciis
1526 780 1708 810 universis.

323 827 368 857 Et
392 826 618 857 demandavit
644 826 780 856 Literas
804 825 1064 856 Installaeionis
1089 828 1124 855 et
1156 824 1380 854 Induccionis
1404 824 1563 865 ejusdem
1587 824 1709 854 Archi-

323 872 529 902 diaconatus
562 870 702 900 Decano
733 874 768 900 et
801 870 963 910 Capitulo
997 869 1150 900 Ecclesie
1183 868 1404 900 Cathedralis
1436 868 1643 900 Exoniensis
1673 869 1708 898 in

323 916 440 946 forma
457 917 634 946 consueta.

888 1013 989 1050 VII.

277 1080 529 1129 Concerning
558 1079 627 1116 the
656 1078 971 1128 Appropriation
1000 1077 1042 1115 of
1071 1077 1139 1115 the
1166 1077 1324 1116 Church
1346 1077 1387 1114 of
1407 1078 1467 1115 ST.
1492 1077 1710 1114 STEPHEN'S

337 1146 389 1171 ΒΥ
419 1136 600 1171 SALTASH
621 1136 663 1170 to
684 1132 752 1170 the
773 1132 933 1182 College
953 1131 995 1169 of
1014 1131 1211 1169 Windsor.

304 1199 329 1230 [Ι
349 1207 395 1224 am
414 1198 546 1224 indebted
566 1203 594 1223 to
613 1197 711 1223 Canon
732 1197 837 1222 Dalton
857 1197 898 1222 sor
917 1197 964 1222 the
983 1196 1024 1222 Co
1027 1205 1065 1229 py
1083 1197 1114 1221 os
1130 1195 1186 1222 this
1211 1197 1381 1227 Documem,
1401 1195 1492 1222 which
1518 1195 1540 1221 is
1564 1196 1710 1228 preserved

272 1233 298 1259 in
323 1233 371 1258 the
389 1232 524 1258 Archives
548 1232 580 1257 of
601 1232 648 1256 the
674 1231 754 1256 Dean
779 1231 834 1256 and
860 1230 974 1256 Canons
997 1231 1029 1256 of
1050 1230 1189 1256 XVindsor
1230 1231 1256 1256 It
1276 1229 1348 1255 isos
1363 1216 1466 1262 special
1486 1229 1610 1261 interest,
1635 1238 1666 1255 as
1690 1229 1711 1255 it

269 1267 385 1299 belongs
404 1272 433 1292 to
451 1266 498 1291 the
518 1266 570 1290 last
589 1274 656 1297 year
675 1265 706 1290 of
729 1265 966 1302 Brautynghams
990 1263 1170 1305 Episcopate,
1191 1265 1246 1290 and
1266 1273 1331 1295 was,
1353 1263 1506 1295 doubtless,
1526 1264 1658 1290 recorded
1683 1262 1710 1289 in

270 1302 317 1326 the
337 1276 388 1326 lagst
407 1304 571 1333 quaternus
589 1300 620 1324 of
635 1298 703 1324 his
710 1297 892 1330 Registrum
912 1298 1078 1329 Commune,
1083 1298 1096 1305 '¹
1116 1297 1207 1324 which
1227 1298 1277 1323 has
1296 1297 1432 1330 perished.
1440 1299 1448 1327 ]

278 1358 548 1394 APPROBACIO
578 1367 627 1392 ET
656 1355 944 1392 ConrmMAeio
973 1355 1132 1400 Thome,
1161 1355 1399 1392 Exoniensis
1432 1354 1629 1403 Episcopi,
1654 1354 1710 1391 ul-

332 1412 430 1449 time
450 1410 730 1448 Ordinacionis
750 1409 913 1447 Vicaiie
933 1409 982 1446 de
1002 1409 1245 1446 SALTASSHE

172 1479 216 1508 [Α
222 1477 258 1502 D·
284 1479 453 1510 Omnibus
471 1478 603 1508 Christi
620 1477 780 1507 fidelibus
796 1479 977 1516 presentes
996 1476 1132 1507 Literas
1155 1476 1376 1516 inspecturiS,
1394 1477 1555 1514 Thomas,
1568 1475 1710 1506 misera-

170 1511 257 1540 1393]
327 1524 424 1554 cione
450 1522 576 1553 Divina
600 1521 806 1551 Exoniensis
831 1521 1033 1560 Episcopus
1051 1521 1200 1551 salutem
1225 1521 1260 1550 111
1285 1521 1434 1551 Domino
1450 1521 1710 1560 sempiternam.

327 1567 474 1598 Noverit
490 1566 701 1596 universitas
717 1568 836 1596 vestra
859 1565 960 1605 quod,
978 1567 1134 1595 scrutato
1159 1565 1320 1601 Registro
1344 1565 1432 1595 bone
1455 1564 1620 1595 memorie
1643 1564 1709 1594 Do-

327 1612 414 1642 mini
426 1612 447 1642 J
450 1611 598 1641 ohannis
612 1610 654 1640 de
673 1610 920 1648 Grandissono,
933 1619 1044 1648 nuper
1058 1609 1219 1648 Episcopi
1232 1609 1446 1648 Exoniensis,
1458 1609 1712 1648 predecessoris

327 1656 439 1687 nostri
456 1654 662 1692 immediati,
680 1654 878 1684 invenimus
895 1654 931 1683 in
956 1654 1088 1692 eodem,
1106 1653 1198 1684 inter
1222 1656 1347 1692 cetera,
1366 1653 1541 1693 quandam
1566 1652 1710 1683 Ordina-

328 1701 463 1732 cionem
489 1700 530 1729 de
555 1702 590 1729 et
615 1709 719 1738 snper
736 1698 877 1728 Vicaria
902 1698 1055 1728 Ecclesie
1080 1698 1289 1737 parochialis
1313 1698 1355 1728 de
1382 1697 1568 1736 Saltesshe,
1593 1699 1711 1727 nostre

329 1744 495 1782 Diocesis,
514 1743 659 1774 Custodi
676 1746 710 1773 et
729 1743 883 1781 Collegio
908 1742 1030 1772 Libere
1057 1742 1197 1781 Capelle
1222 1742 1329 1781 Regie
1354 1742 1396 1772 de
1414 1742 1627 1782 Wyndesore
1651 1751 1709 1781 ap-

328 1789 517 1830 propriate,
534 1798 597 1827 per
614 1788 802 1817 Dominum
821 1787 1107 1817 Predecessorem
1124 1789 1284 1817 nostrum
1300 1785 1444 1824 factam,
1461 1786 1570 1817 fuisse
1587 1788 1623 1816 et
1636 1795 1711 1816 esse

328 1835 365 1865 in
389 1833 511 1864 eodem
537 1832 710 1872 Registro,
727 1832 769 1862 de
787 1831 892 1862 verbo
916 1831 953 1861 in
969 1831 1125 1869 verbum,
1143 1831 1187 1861 ad
1204 1832 1407 1870 perpetuam
1427 1831 1478 1861 rei
1494 1831 1711 1868 memoriam,

329 1882 369 1909 ut
395 1878 551 1918 sequitur
574 1875 1042 1916 registratam.-—Universis
1069 1875 1196 1905 Sancte
1225 1875 1349 1905 Matris
1382 1875 1536 1906 Ecclesie
1564 1875 1644 1905 filiis
1668 1874 1713 1905 ad

330 1933 416 1963 quos
433 1924 614 1962 presentes
630 1921 731 1951 litere
748 1920 982 1960 pervenerint,
999 1920 1019 1949 J
1022 1919 1187 1957 ohannes,
1199 1920 1426 1950 miseracione
1443 1920 1570 1949 Divina
1587 1919 1711 1950 Exoni-

330 1967 424 1998 ensis
456 1966 660 2006 Episcopus,
693 1965 841 1995 salntem
874 1965 909 1994 in
941 1964 1091 1994 Domino
1123 1964 1384 2003 sempiternam.
1446 1963 1543 1994 Licet
1575 1963 1711 2003 pridem

330 2011 507 2043 vicariam
534 2010 686 2040 Ecclesie
713 2009 926 2039 Parochialis
956 2008 1075 2038 Sancti
1108 2008 1276 2048 Stephani
1303 2008 1345 2038 de
1379 2008 1565 2046 Saltesshe,
1594 2010 1713 2038 nostre

330 2055 536 2086 Exoniensis
554 2054 719 2092 Diocesis,
738 2053 883 2084 Custodi
899 2055 934 2083 et
952 2052 1104 2092 collegio
1122 2053 1245 2083 Libere
1263 2052 1402 2092 Capelle
1425 2053 1532 2091 Regie
1549 2052 1591 2083 de
1610 2052 1711 2092 Wyn-

331 2101 452 2131 desore
469 2099 703 2139 appropriate,
714 2098 751 2128 in
768 2098 915 2128 diversis
932 2098 1036 2127 rebus
1052 2097 1199 2136 altilagii
1217 2097 1408 2128 consistere
1425 2096 1712 2135 ordinaverimus,

331 2149 366 2175 et
385 2144 490 2175 certis
507 2153 592 2173 enei
594 2143 671 2173 1bus
688 2152 817 2182 suppor
820 2142 956 2179 tandis3
982 2151 1086 2181 quam
1103 2141 1196 2171 uitia
1212 2141 1337 2180 Viginti
1352 2141 1521 2171 librarum
1539 2150 1711 2172 summam

331 2193 415 2219 tunc
431 2187 600 2227 temporis
616 2197 686 2217 11011
703 2186 954 2217 estimabamus
967 2196 1031 2216 nec
1048 2186 1161 2216 adhuc
1177 2186 1364 2216 extendere
1381 2186 1596 2223 estimamus,
1609 2187 1713 2224 prout

332 2234 367 2264 in
385 2232 534 2283 quadam
551 2234 672 2261 nostra
690 2231 737 2261 Or
739 2231 920 2261 dinacione
938 2230 1024 2260 alias
1041 2240 1145 2269 supei
1161 2230 1225 2260 hoc
1239 2230 1334 2260 facta
1346 2230 1482 2269 plenius
1496 2230 1711 2267 continetur;

331 2277 531 2329 porcionem
544 2275 638 2305 illius
655 2275 917 2314 augmentandi,
933 2274 1160 2313 diminuendi,
1178 2274 1434 2314 interpretandi
1451 2284 1492 2305 ac
1508 2274 1544 2304 in
1560 2276 1635 2304 toto
1652 2283 1713 2304 seu

331 2323 368 2352 in
392 2321 468 2362 ejus
491 2322 591 2360 parte
615 2319 824 2349 immutandi
848 2321 1024 2358 potestate
1048 2319 1148 2348 nobis
1173 2321 1209 2349 et
1234 2318 1499 2350 Successoribus
1522 2318 1652 2349 nostris
1675 2318 1712 2348 in

331 2366 453 2396 eadem
465 2364 664 2404 specialiter
680 2365 857 2393 reservata
870 2377 876 2400 ;
896 2363 1156 2401 Serenissimus,
1167 2366 1297 2401 tamen,
1316 2363 1481 2402 Princeps
1496 2365 1531 2393 et
1542 2363 1712 2393 Dominus

332 2413 462 2447 noster,
480 2408 650 2439 Dominus
670 2407 873 2445 Edwardus,
892 2407 955 2437 Dei
980 2408 1097 2446 gracia
1122 2408 1194 2437 Rex
1218 2407 1343 2447 Anglie
1367 2407 1523 2445 illustris,
1540 2417 1603 2447 pro
1628 2407 1712 2437 dicti

334 2455 387 2486 sui
413 2453 557 2492 Collegii
582 2452 726 2483 comodo
750 2455 785 2482 et
810 2452 950 2490 honore,
967 2461 1007 2481 ac
1031 2451 1243 2482 certitudine
1262 2451 1437 2491 porcionis
1453 2454 1488 2482 et
1505 2450 1711 2482 sustentaci-

334 2499 410 2529 onis
425 2497 643 2528 vicariorum
661 2497 753 2527 dicte
772 2496 925 2526 Ecclesie
942 2496 1000 2535 qui
1024 2506 1086 2535 pro
1111 2499 1268 2535 tempore
1292 2498 1405 2534 erunt,
1423 2496 1523 2526 nobis
1546 2505 1608 2535 per
1632 2505 1713 2526 suas

335 2544 470 2573 Literas
487 2541 696 2581 supplicavit
712 2541 886 2580 quatinus,
903 2550 966 2580 pro
983 2540 1170 2570 securitate
1191 2540 1365 2570 dictorum
1390 2540 1553 2570 Custodis
1577 2542 1612 2570 et
1637 2539 1712 2570 Col-

333 2587 415 2627 legii
431 2596 471 2617 ac
488 2585 745 2625 indempnitate
762 2584 980 2615 Vicariorum
998 2584 1089 2614 dicte
1108 2584 1261 2614 Ecclesie
1272 2585 1330 2624 qui
1347 2584 1391 2614 ad
1408 2584 1713 2614 Presentacionem

335 2632 508 2665 dictorum
534 2629 698 2660 Custodis
721 2631 756 2659 et
782 2629 927 2668 Collegii
951 2628 1159 2658 instituendi
1185 2631 1288 2658 erunt
1314 2629 1349 2658 in
1374 2629 1460 2668 ipsa,
1484 2631 1520 2658 et
1543 2638 1586 2658 ne
1610 2628 1713 2665 forte,

335 2686 377 2706 ex
394 2674 596 2712 infortunio,
614 2674 731 2713 porcio
748 2673 1063 2703 emolumentorum
1080 2672 1229 2703 Vicariis
1246 2673 1337 2703 dicte
1363 2672 1515 2703 Ecclesie
1539 2672 1714 2712 applican-

336 2721 459 2750 dorum
483 2719 528 2749 ad
551 2721 688 2748 tantam
705 2717 897 2748 exilitatem
924 2717 1143 2756 contingeret
1160 2717 1322 2747 devenire
1347 2717 1438 2757 quod
1454 2726 1523 2747 non
1541 2716 1715 2746 sufficeret

336 2765 386 2795 eis
403 2764 447 2794 ad
463 2763 607 2800 victum,
624 2772 688 2792 nec
705 2762 749 2792 ad
766 2762 834 2792 alia
858 2762 908 2792 eis
932 2762 1097 2800 imposita
1121 2771 1227 2791 onera
1252 2761 1509 2800 supportanda;
1534 2763 1594 2790 aut
1618 2760 1714 2798 alias,

332 2818 374 2839 ex
398 2807 532 2838 meliori
557 2806 710 2844 fortuna,
735 2806 779 2836 ad
803 2809 939 2836 tantam
964 2808 1179 2836 accresceret
1202 2815 1375 2835 summam
1397 2805 1498 2844 quod,
1515 2807 1638 2835 contra
1659 2804 1716 2844 jus

336 2861 530 2890 commune,
548 2851 721 2881 dictorum
746 2850 908 2881 Custodis
932 2852 968 2880 et
993 2849 1138 2888 collegii
1162 2849 1345 2880 excederet
1360 2849 1571 2888 porcionem,
1595 2857 1714 2878 secun-

336 2897 419 2928 dum
436 2895 697 2927 estimacionem
715 2901 833 2926 nostre
852 2894 1094 2926 ordinacionis
1117 2893 1284 2935 predicte,
1302 2894 1567 2924 decerneremus
1584 2892 1714 2923 Vicari-
