<?xml version="1.0" encoding="UTF-8"?>
<!DOCTYPE html PUBLIC "-//W3C//DTD XHTML 1.0 Transitional//EN"
    "http://www.w3.org/TR/xhtml1/DTD/xhtml1-transitional.dtd">
<html xmlns="http://www.w3.org/1999/xhtml" xml:lang="en" lang="en">
 <head>
  <title>
</title>
<meta http-equiv="Content-Type" content="text/html;charset=utf-8" />
  <meta name='ocr-system' content='tesseract 3.04.00' />
  <meta name='ocr-capabilities' content='ocr_page ocr_carea ocr_par ocr_line ocrx_word'/>
</head>
<body>
  <div class='ocr_page' id='page_1' title='image "./registerofthomas02cathuoft_0073.png"; bbox 0 0 1907 3212; ppageno 0'>
   <div class='ocr_carea' id='block_1_1' title="bbox 530 316 1766 362">
    <p class='ocr_par' dir='ltr' id='par_1_1' title="bbox 530 316 1766 362">
     <span class='ocr_line' id='line_1_1' title="bbox 530 316 1766 362; baseline -0.001 -2"><span class='ocrx_word' id='word_1_1' title='bbox 530 327 817 361; x_wconf 76' lang='lat' dir='ltr'>REGISTRUM</span> <span class='ocrx_word' id='word_1_2' title='bbox 853 327 1068 362; x_wconf 80' lang='lat' dir='ltr'>COMMUN</span> <span class='ocrx_word' id='word_1_3' title='bbox 1078 327 1308 360; x_wconf 72' lang='lat' dir='ltr'>E———ANNO</span> <span class='ocrx_word' id='word_1_4' title='bbox 1350 318 1442 361; x_wconf 87' lang='lat'>16⁰.</span> <span class='ocrx_word' id='word_1_5' title='bbox 1673 316 1766 360; x_wconf 88' lang='grc'>593</span> 
     </span>
    </p>
   </div>
   <div class='ocr_carea' id='block_1_2' title="bbox 228 425 1769 478">
    <p class='ocr_par' dir='ltr' id='par_1_2' title="bbox 228 425 1769 478">
     <span class='ocr_line' id='line_1_2' title="bbox 228 425 1769 478; baseline 0 -14"><span class='ocrx_word' id='word_1_6' title='bbox 228 425 303 451; x_wconf 78' lang='lat' dir='ltr'>A.D.</span> <span class='ocrx_word' id='word_1_7' title='bbox 342 427 584 478; x_wconf 69' lang='lat' dir='ltr'>Plymptong</span> <span class='ocrx_word' id='word_1_8' title='bbox 615 430 789 467; x_wconf 65' lang='lat' dir='ltr'>fllonieio</span> <span class='ocrx_word' id='word_1_9' title='bbox 817 436 953 467; x_wconf 74' lang='lat' dir='ltr'>contra</span> <span class='ocrx_word' id='word_1_10' title='bbox 980 428 1249 467; x_wconf 57' lang='lat' dir='ltr'>Paroa-hiano&amp;</span> <span class='ocrx_word' id='word_1_11' title='bbox 1280 428 1434 477; x_wconf 76' lang='lat' dir='ltr'>Capelle</span> <span class='ocrx_word' id='word_1_12' title='bbox 1463 429 1508 466; x_wconf 79' lang='lat' dir='ltr'>de</span> <span class='ocrx_word' id='word_1_13' title='bbox 1537 428 1769 478; x_wconf 74' lang='lat' dir='ltr'>Plymptono</span> 
     </span>
    </p>
   </div>
   <div class='ocr_carea' id='block_1_3' title="bbox 228 461 329 519">
    <p class='ocr_par' dir='ltr' id='par_1_3' title="bbox 228 461 329 519">
     <span class='ocr_line' id='line_1_3' title="bbox 228 461 300 486; baseline 0.028 -2"><span class='ocrx_word' id='word_1_14' title='bbox 228 461 300 486; x_wconf 77' lang='lat'>1385.</span> 
     </span>
     <span class='ocr_line' id='line_1_4' title="bbox 229 493 329 519; baseline 0.01 -1"><span class='ocrx_word' id='word_1_15' title='bbox 229 493 290 519; x_wconf 81' lang='lat' dir='ltr'>Vol.</span> <span class='ocrx_word' id='word_1_16' title='bbox 308 493 329 519; x_wconf 93' lang='lat' dir='ltr'>I.</span> 
     </span>
    </p>
   </div>
   <div class='ocr_carea' id='block_1_4' title="bbox 396 483 1329 532">
    <p class='ocr_par' dir='ltr' id='par_1_4' title="bbox 396 483 1329 532">
     <span class='ocr_line' id='line_1_5' title="bbox 396 483 1329 532; baseline 0.001 -14"><span class='ocrx_word' id='word_1_17' title='bbox 396 495 513 531; x_wconf 74' lang='lat' dir='ltr'>super</span> <span class='ocrx_word' id='word_1_18' title='bbox 532 484 642 520; x_wconf 73' lang='lat' dir='ltr'>Festo</span> <span class='ocrx_word' id='word_1_19' title='bbox 661 483 939 521; x_wconf 51' lang='lat' dir='ltr'>Dedicat-ionis</span> <span class='ocrx_word' id='word_1_20' title='bbox 958 483 1086 532; x_wconf 74' lang='lat' dir='ltr'>ipsivs</span> <span class='ocrx_word' id='word_1_21' title='bbox 1108 483 1329 532; x_wconf 46' lang='lat' dir='ltr'>Capella-</span> 
     </span>
    </p>
   </div>
   <div class='ocr_carea' id='block_1_5' title="bbox 342 536 1766 579">
    <p class='ocr_par' dir='ltr' id='par_1_5' title="bbox 342 536 1766 579">
     <span class='ocr_line' id='line_1_6' title="bbox 342 536 1766 579; baseline 0 -12"><span class='ocrx_word' id='word_1_22' title='bbox 342 537 502 575; x_wconf 80' lang='lat' dir='ltr'>Thomas,</span> <span class='ocrx_word' id='word_1_23' title='bbox 519 541 595 577; x_wconf 58' lang='lat' dir='ltr'>etc„</span> <span class='ocrx_word' id='word_1_24' title='bbox 613 540 751 569; x_wconf 88' lang='lat' dir='ltr'>Decano</span> <span class='ocrx_word' id='word_1_25' title='bbox 769 540 810 570; x_wconf 88' lang='lat' dir='ltr'>de</span> <span class='ocrx_word' id='word_1_26' title='bbox 827 540 1045 579; x_wconf 73' lang='lat' dir='ltr'>Plymptone,</span> <span class='ocrx_word' id='word_1_27' title='bbox 1063 548 1102 569; x_wconf 87' lang='lat' dir='ltr'>ac</span> <span class='ocrx_word' id='word_1_28' title='bbox 1120 538 1280 569; x_wconf 89' lang='lat' dir='ltr'>omnibus</span> <span class='ocrx_word' id='word_1_29' title='bbox 1297 542 1332 568; x_wconf 83' lang='lat' dir='ltr'>ct</span> <span class='ocrx_word' id='word_1_30' title='bbox 1349 537 1495 577; x_wconf 71' lang='lat' dir='ltr'>singulis</span> <span class='ocrx_word' id='word_1_31' title='bbox 1514 536 1652 567; x_wconf 85' lang='lat' dir='ltr'>Curatis</span> <span class='ocrx_word' id='word_1_32' title='bbox 1676 537 1766 577; x_wconf 85' lang='lat' dir='ltr'>ejus—</span> 
     </span>
    </p>
   </div>
   <div class='ocr_carea' id='block_1_6' title="bbox 229 887 363 914">
    <p class='ocr_par' dir='ltr' id='par_1_6' title="bbox 229 887 363 914">
     <span class='ocr_line' id='line_1_7' title="bbox 229 887 363 914; baseline 0.007 -2"><span class='ocrx_word' id='word_1_33' title='bbox 229 887 276 913; x_wconf 82' lang='lat' dir='ltr'>sol.</span> <span class='ocrx_word' id='word_1_34' title='bbox 290 887 363 914; x_wconf 75' lang='lat' dir='ltr'>146b.</span> 
     </span>
    </p>
   </div>
   <div class='ocr_carea' id='block_1_7' title="bbox 382 581 1775 2517">
    <p class='ocr_par' dir='ltr' id='par_1_7' title="bbox 382 581 1775 2517">
     <span class='ocr_line' id='line_1_8' title="bbox 385 581 1765 623; baseline 0 -12"><span class='ocrx_word' id='word_1_35' title='bbox 385 581 462 611; x_wconf 84' lang='lat' dir='ltr'>dem</span> <span class='ocrx_word' id='word_1_36' title='bbox 481 583 689 621; x_wconf 84' lang='lat' dir='ltr'>Decanatus‚</span> <span class='ocrx_word' id='word_1_37' title='bbox 708 583 919 623; x_wconf 74' lang='lat' dir='ltr'>singulisque</span> <span class='ocrx_word' id='word_1_38' title='bbox 938 583 1134 622; x_wconf 85' lang='lat' dir='ltr'>Capellanis</span> <span class='ocrx_word' id='word_1_39' title='bbox 1152 583 1277 612; x_wconf 80' lang='lat' dir='ltr'>Divina</span> <span class='ocrx_word' id='word_1_40' title='bbox 1294 582 1551 613; x_wconf 84' lang='lat' dir='ltr'>celebrantibus</span> <span class='ocrx_word' id='word_1_41' title='bbox 1576 582 1611 611; x_wconf 93' lang='lat' dir='ltr'>in</span> <span class='ocrx_word' id='word_1_42' title='bbox 1633 581 1765 619; x_wconf 84' lang='lat' dir='ltr'>eodem,</span> 
     </span>
     <span class='ocr_line' id='line_1_9' title="bbox 385 626 1765 667; baseline 0 -12"><span class='ocrx_word' id='word_1_43' title='bbox 385 626 764 665; x_wconf 82' lang='lat' dir='ltr'>salute1n,etc.—Sane</span> <span class='ocrx_word' id='word_1_44' title='bbox 781 628 939 667; x_wconf 78' lang='lat' dir='ltr'>quamvis</span> <span class='ocrx_word' id='word_1_45' title='bbox 963 638 1031 657; x_wconf 88' lang='lat' dir='ltr'>non</span> <span class='ocrx_word' id='word_1_46' title='bbox 1056 627 1159 657; x_wconf 82' lang='lat' dir='ltr'>liceat</span> <span class='ocrx_word' id='word_1_47' title='bbox 1183 627 1366 666; x_wconf 78' lang='lat' dir='ltr'>aliquibus,</span> <span class='ocrx_word' id='word_1_48' title='bbox 1384 626 1472 656; x_wconf 84' lang='lat' dir='ltr'>citra</span> <span class='ocrx_word' id='word_1_49' title='bbox 1498 626 1596 656; x_wconf 82' lang='lat' dir='ltr'>Sedis</span> <span class='ocrx_word' id='word_1_50' title='bbox 1620 626 1765 665; x_wconf 76' lang='lat' dir='ltr'>Aposto-</span> 
     </span>
     <span class='ocr_line' id='line_1_10' title="bbox 385 669 1765 711; baseline 0 -12"><span class='ocrx_word' id='word_1_51' title='bbox 385 669 448 700; x_wconf 85' lang='lat' dir='ltr'>licc</span> <span class='ocrx_word' id='word_1_52' title='bbox 465 673 526 701; x_wconf 81' lang='lat' dir='ltr'>aut</span> <span class='ocrx_word' id='word_1_53' title='bbox 544 671 792 711; x_wconf 85' lang='lat' dir='ltr'>Episcopormn</span> <span class='ocrx_word' id='word_1_54' title='bbox 818 672 986 701; x_wconf 84' lang='lat' dir='ltr'>Locorum</span> <span class='ocrx_word' id='word_1_55' title='bbox 1012 671 1281 701; x_wconf 83' lang='lat' dir='ltr'>Diocesanorum</span> <span class='ocrx_word' id='word_1_56' title='bbox 1307 670 1564 707; x_wconf 86' lang='lat' dir='ltr'>auctoritatem,</span> <span class='ocrx_word' id='word_1_57' title='bbox 1582 672 1616 700; x_wconf 89' lang='lat' dir='ltr'>et</span> <span class='ocrx_word' id='word_1_58' title='bbox 1633 680 1765 709; x_wconf 82' lang='lat' dir='ltr'>preser-</span> 
     </span>
     <span class='ocr_line' id='line_1_11' title="bbox 386 713 1767 755; baseline 0 -12"><span class='ocrx_word' id='word_1_59' title='bbox 386 714 449 743; x_wconf 82' lang='lat' dir='ltr'>tim</span> <span class='ocrx_word' id='word_1_60' title='bbox 474 715 580 753; x_wconf 84' lang='lat' dir='ltr'>laicis,</span> <span class='ocrx_word' id='word_1_61' title='bbox 606 716 721 755; x_wconf 86' lang='lat' dir='ltr'>aliqua</span> <span class='ocrx_word' id='word_1_62' title='bbox 747 716 849 746; x_wconf 85' lang='lat' dir='ltr'>Festa</span> <span class='ocrx_word' id='word_1_63' title='bbox 874 716 1026 746; x_wconf 80' lang='lat' dir='ltr'>indicere</span> <span class='ocrx_word' id='word_1_64' title='bbox 1051 718 1085 745; x_wconf 76' lang='lat' dir='ltr'>et</span> <span class='ocrx_word' id='word_1_65' title='bbox 1110 718 1263 745; x_wconf 78' lang='lat' dir='ltr'>statuere</span> <span class='ocrx_word' id='word_1_66' title='bbox 1286 714 1446 744; x_wconf 84' lang='lat' dir='ltr'>ferianda</span> <span class='ocrx_word' id='word_1_67' title='bbox 1470 724 1509 744; x_wconf 86' lang='lat' dir='ltr'>ac</span> <span class='ocrx_word' id='word_1_68' title='bbox 1541 713 1767 753; x_wconf 76' lang='lat' dir='ltr'>solempniter</span> 
     </span>
     <span class='ocr_line' id='line_1_12' title="bbox 385 758 1766 798; baseline 0.001 -11"><span class='ocrx_word' id='word_1_69' title='bbox 385 759 592 797; x_wconf 82' lang='lat' dir='ltr'>veneranda,</span> <span class='ocrx_word' id='word_1_70' title='bbox 618 770 678 790; x_wconf 84' lang='lat' dir='ltr'>seu</span> <span class='ocrx_word' id='word_1_71' title='bbox 702 760 811 790; x_wconf 87' lang='lat' dir='ltr'>eciam</span> <span class='ocrx_word' id='word_1_72' title='bbox 837 759 1062 796; x_wconf 83' lang='lat' dir='ltr'>celebranda;</span> <span class='ocrx_word' id='word_1_73' title='bbox 1086 759 1237 798; x_wconf 88' lang='lat' dir='ltr'>quidam,</span> <span class='ocrx_word' id='word_1_74' title='bbox 1256 762 1384 796; x_wconf 86' lang='lat' dir='ltr'>tamen,</span> <span class='ocrx_word' id='word_1_75' title='bbox 1401 758 1602 797; x_wconf 86' lang='lat' dir='ltr'>parochiani</span> <span class='ocrx_word' id='word_1_76' title='bbox 1629 758 1766 797; x_wconf 87' lang='lat' dir='ltr'>Capelle</span> 
     </span>
     <span class='ocr_line' id='line_1_13' title="bbox 387 802 1767 844; baseline -0.001 -12"><span class='ocrx_word' id='word_1_77' title='bbox 387 802 493 833; x_wconf 80' lang='lat' dir='ltr'>Beate</span> <span class='ocrx_word' id='word_1_78' title='bbox 511 803 619 834; x_wconf 85' lang='lat' dir='ltr'>Marie</span> <span class='ocrx_word' id='word_1_79' title='bbox 637 804 678 834; x_wconf 88' lang='lat' dir='ltr'>de</span> <span class='ocrx_word' id='word_1_80' title='bbox 696 804 914 844; x_wconf 69' lang='lat' dir='ltr'>Plymptone,</span> <span class='ocrx_word' id='word_1_81' title='bbox 931 804 974 833; x_wconf 86' lang='lat' dir='ltr'>ab</span> <span class='ocrx_word' id='word_1_82' title='bbox 1000 803 1154 833; x_wconf 80' lang='lat' dir='ltr'>Ecclesia</span> <span class='ocrx_word' id='word_1_83' title='bbox 1180 803 1323 833; x_wconf 85' lang='lat' dir='ltr'>Matrice</span> <span class='ocrx_word' id='word_1_84' title='bbox 1341 802 1586 842; x_wconf 75' lang='lat' dir='ltr'>Apostolorum</span> <span class='ocrx_word' id='word_1_85' title='bbox 1613 802 1707 832; x_wconf 85' lang='lat' dir='ltr'>Petri</span> <span class='ocrx_word' id='word_1_86' title='bbox 1732 806 1767 832; x_wconf 81' lang='lat' dir='ltr'>et</span> 
     </span>
     <span class='ocr_line' id='line_1_14' title="bbox 387 846 1766 888; baseline -0.001 -12"><span class='ocrx_word' id='word_1_87' title='bbox 387 846 484 876; x_wconf 89' lang='lat' dir='ltr'>Pauli</span> <span class='ocrx_word' id='word_1_88' title='bbox 502 847 733 888; x_wconf 68' lang='lat' dir='ltr'>Plymptoffie,</span> <span class='ocrx_word' id='word_1_89' title='bbox 751 852 948 878; x_wconf 89' lang='lat' dir='ltr'>nostrorum</span> <span class='ocrx_word' id='word_1_90' title='bbox 966 847 1187 884; x_wconf 72' lang='lat' dir='ltr'>Patrmmtus,</span> <span class='ocrx_word' id='word_1_91' title='bbox 1206 846 1448 883; x_wconf 71' lang='lat' dir='ltr'>Fundaeionis,</span> <span class='ocrx_word' id='word_1_92' title='bbox 1466 848 1501 876; x_wconf 81' lang='lat' dir='ltr'>et</span> <span class='ocrx_word' id='word_1_93' title='bbox 1526 846 1690 883; x_wconf 89' lang='lat' dir='ltr'>Diocesis,</span> <span class='ocrx_word' id='word_1_94' title='bbox 1708 856 1766 876; x_wconf 85' lang='lat' dir='ltr'>no-</span> 
     </span>
     <span class='ocr_line' id='line_1_15' title="bbox 384 890 1768 931; baseline -0.001 -11"><span class='ocrx_word' id='word_1_95' title='bbox 384 891 472 921; x_wconf 84' lang='lat' dir='ltr'>torie</span> <span class='ocrx_word' id='word_1_96' title='bbox 489 892 728 930; x_wconf 74' lang='lat' dir='ltr'>dependentis,</span> <span class='ocrx_word' id='word_1_97' title='bbox 745 895 779 922; x_wconf 84' lang='lat' dir='ltr'>et</span> <span class='ocrx_word' id='word_1_98' title='bbox 796 892 889 922; x_wconf 85' lang='lat' dir='ltr'>infra</span> <span class='ocrx_word' id='word_1_99' title='bbox 907 891 1125 922; x_wconf 86' lang='lat' dir='ltr'>Cimiterium</span> <span class='ocrx_word' id='word_1_100' title='bbox 1150 891 1307 931; x_wconf 79' lang='lat' dir='ltr'>ejusdem</span> <span class='ocrx_word' id='word_1_101' title='bbox 1332 891 1484 920; x_wconf 86' lang='lat' dir='ltr'>Ecclesie</span> <span class='ocrx_word' id='word_1_102' title='bbox 1510 890 1648 927; x_wconf 86' lang='lat' dir='ltr'>situate,</span> <span class='ocrx_word' id='word_1_103' title='bbox 1665 893 1768 929; x_wconf 84' lang='lat' dir='ltr'>prout</span> 
     </span>
     <span class='ocr_line' id='line_1_16' title="bbox 386 934 1767 975; baseline -0.001 -11"><span class='ocrx_word' id='word_1_104' title='bbox 386 945 427 964; x_wconf 78' lang='lat' dir='ltr'>ex</span> <span class='ocrx_word' id='word_1_105' title='bbox 444 935 698 974; x_wconf 51' lang='lat' dir='ltr'>fidedic-norum</span> <span class='ocrx_word' id='word_1_106' title='bbox 715 936 916 966; x_wconf 86' lang='lat' dir='ltr'>testimonio</span> <span class='ocrx_word' id='word_1_107' title='bbox 933 938 967 965; x_wconf 79' lang='lat' dir='ltr'>et</span> <span class='ocrx_word' id='word_1_108' title='bbox 984 936 1079 965; x_wconf 84' lang='lat' dir='ltr'>fama</span> <span class='ocrx_word' id='word_1_109' title='bbox 1102 935 1241 975; x_wconf 88' lang='lat' dir='ltr'>publica</span> <span class='ocrx_word' id='word_1_110' title='bbox 1264 934 1439 965; x_wconf 72' lang='lat' dir='ltr'>referente</span> <span class='ocrx_word' id='word_1_111' title='bbox 1463 934 1670 974; x_wconf 77' lang='lat' dir='ltr'>accepimus,</span> <span class='ocrx_word' id='word_1_112' title='bbox 1690 934 1767 964; x_wconf 87' lang='lat' dir='ltr'>Fes-</span> 
     </span>
     <span class='ocr_line' id='line_1_17' title="bbox 387 978 1768 1019; baseline -0.001 -11"><span class='ocrx_word' id='word_1_113' title='bbox 387 981 462 1009; x_wconf 87' lang='lat' dir='ltr'>tum</span> <span class='ocrx_word' id='word_1_114' title='bbox 479 979 720 1010; x_wconf 77' lang='lat' dir='ltr'>Dedicat-ionis</span> <span class='ocrx_word' id='word_1_115' title='bbox 736 980 872 1019; x_wconf 86' lang='lat' dir='ltr'>prefate</span> <span class='ocrx_word' id='word_1_116' title='bbox 890 980 1038 1019; x_wconf 87' lang='lat' dir='ltr'>Capelle,</span> <span class='ocrx_word' id='word_1_117' title='bbox 1055 980 1091 1009; x_wconf 93' lang='lat' dir='ltr'>in</span> <span class='ocrx_word' id='word_1_118' title='bbox 1115 989 1182 1019; x_wconf 89' lang='lat' dir='ltr'>qua</span> <span class='ocrx_word' id='word_1_119' title='bbox 1206 989 1383 1018; x_wconf 83' lang='lat' dir='ltr'>nunquam</span> <span class='ocrx_word' id='word_1_120' title='bbox 1407 978 1607 1018; x_wconf 84' lang='lat' dir='ltr'>hujusmodi</span> <span class='ocrx_word' id='word_1_121' title='bbox 1626 978 1768 1008; x_wconf 84' lang='lat' dir='ltr'>Festum</span> 
     </span>
     <span class='ocr_line' id='line_1_18' title="bbox 388 1022 1766 1064; baseline -0.001 -11"><span class='ocrx_word' id='word_1_122' title='bbox 388 1023 520 1054; x_wconf 76' lang='lat' dir='ltr'>solebat</span> <span class='ocrx_word' id='word_1_123' title='bbox 553 1034 571 1054; x_wconf 88' lang='lat' dir='ltr'>a</span> <span class='ocrx_word' id='word_1_124' title='bbox 603 1024 823 1063; x_wconf 77' lang='lat' dir='ltr'>parochianis</span> <span class='ocrx_word' id='word_1_125' title='bbox 858 1024 1015 1064; x_wconf 85' lang='lat' dir='ltr'>ejusdem</span> <span class='ocrx_word' id='word_1_126' title='bbox 1048 1023 1186 1062; x_wconf 87' lang='lat' dir='ltr'>Capelle</span> <span class='ocrx_word' id='word_1_127' title='bbox 1218 1023 1395 1060; x_wconf 83' lang='lat' dir='ltr'>celebrari,</span> <span class='ocrx_word' id='word_1_128' title='bbox 1427 1026 1479 1053; x_wconf 85' lang='lat' dir='ltr'>set</span> <span class='ocrx_word' id='word_1_129' title='bbox 1512 1023 1695 1052; x_wconf 77' lang='lat' dir='ltr'>dumtaxat</span> <span class='ocrx_word' id='word_1_130' title='bbox 1734 1022 1766 1051; x_wconf 88' lang='lat' dir='ltr'>in</span> 
     </span>
     <span class='ocr_line' id='line_1_19' title="bbox 389 1066 1771 1108; baseline -0.001 -11"><span class='ocrx_word' id='word_1_131' title='bbox 389 1067 543 1098; x_wconf 80' lang='lat' dir='ltr'>Ecclesia</span> <span class='ocrx_word' id='word_1_132' title='bbox 572 1069 717 1099; x_wconf 86' lang='lat' dir='ltr'>Matrice</span> <span class='ocrx_word' id='word_1_133' title='bbox 745 1068 910 1108; x_wconf 82' lang='lat' dir='ltr'>predicta,</span> <span class='ocrx_word' id='word_1_134' title='bbox 936 1072 1039 1107; x_wconf 80' lang='lat' dir='ltr'>prout</span> <span class='ocrx_word' id='word_1_135' title='bbox 1062 1068 1303 1101; x_wconf 79' lang='lat' dir='ltr'>informamur,</span> <span class='ocrx_word' id='word_1_136' title='bbox 1332 1067 1406 1097; x_wconf 87' lang='lat' dir='ltr'>sine</span> <span class='ocrx_word' id='word_1_137' title='bbox 1434 1067 1643 1096; x_wconf 86' lang='lat' dir='ltr'>auctoritate</span> <span class='ocrx_word' id='word_1_138' title='bbox 1673 1066 1771 1096; x_wconf 79' lang='lat' dir='ltr'>Sedis</span> 
     </span>
     <span class='ocr_line' id='line_1_20' title="bbox 389 1111 1773 1150; baseline 0 -10"><span class='ocrx_word' id='word_1_139' title='bbox 389 1111 586 1150; x_wconf 72' lang='lat' dir='ltr'>Apostolice</span> <span class='ocrx_word' id='word_1_140' title='bbox 610 1115 671 1142; x_wconf 85' lang='lat' dir='ltr'>aut</span> <span class='ocrx_word' id='word_1_141' title='bbox 695 1116 824 1149; x_wconf 84' lang='lat' dir='ltr'>nostra,</span> <span class='ocrx_word' id='word_1_142' title='bbox 842 1112 993 1142; x_wconf 84' lang='lat' dir='ltr'>indicere</span> <span class='ocrx_word' id='word_1_143' title='bbox 1017 1114 1052 1142; x_wconf 83' lang='lat' dir='ltr'>et</span> <span class='ocrx_word' id='word_1_144' title='bbox 1077 1114 1230 1141; x_wconf 86' lang='lat' dir='ltr'>statuere</span> <span class='ocrx_word' id='word_1_145' title='bbox 1254 1111 1462 1148; x_wconf 80' lang='lat' dir='ltr'>feriandum,</span> <span class='ocrx_word' id='word_1_146' title='bbox 1488 1113 1523 1141; x_wconf 78' lang='lat' dir='ltr'>et</span> <span class='ocrx_word' id='word_1_147' title='bbox 1547 1111 1773 1150; x_wconf 82' lang='lat' dir='ltr'>solempniter</span> 
     </span>
     <span class='ocr_line' id='line_1_21' title="bbox 388 1155 1771 1195; baseline -0.001 -10"><span class='ocrx_word' id='word_1_148' title='bbox 388 1156 625 1186; x_wconf 76' lang='lat' dir='ltr'>venerandum</span> <span class='ocrx_word' id='word_1_149' title='bbox 643 1167 682 1187; x_wconf 88' lang='lat' dir='ltr'>ac</span> <span class='ocrx_word' id='word_1_150' title='bbox 699 1157 808 1187; x_wconf 89' lang='lat' dir='ltr'>eciam</span> <span class='ocrx_word' id='word_1_151' title='bbox 826 1156 1081 1193; x_wconf 85' lang='lat' dir='ltr'>celebrandum,</span> <span class='ocrx_word' id='word_1_152' title='bbox 1099 1155 1209 1186; x_wconf 83' lang='lat' dir='ltr'>eciam</span> <span class='ocrx_word' id='word_1_153' title='bbox 1226 1158 1343 1195; x_wconf 84' lang='lat' dir='ltr'>preter</span> <span class='ocrx_word' id='word_1_154' title='bbox 1359 1157 1393 1185; x_wconf 83' lang='lat' dir='ltr'>et</span> <span class='ocrx_word' id='word_1_155' title='bbox 1411 1157 1532 1185; x_wconf 89' lang='lat' dir='ltr'>contra</span> <span class='ocrx_word' id='word_1_156' title='bbox 1553 1155 1771 1185; x_wconf 76' lang='lat' dir='ltr'>voluntatem</span> 
     </span>
     <span class='ocr_line' id='line_1_22' title="bbox 390 1199 1770 1239; baseline -0.001 -9"><span class='ocrx_word' id='word_1_157' title='bbox 390 1199 643 1239; x_wconf 78' lang='lat' dir='ltr'>Religiosorum</span> <span class='ocrx_word' id='word_1_158' title='bbox 660 1200 834 1238; x_wconf 82' lang='lat' dir='ltr'>Virorum,</span> <span class='ocrx_word' id='word_1_159' title='bbox 852 1200 981 1230; x_wconf 87' lang='lat' dir='ltr'>Prioris</span> <span class='ocrx_word' id='word_1_160' title='bbox 998 1202 1033 1230; x_wconf 88' lang='lat' dir='ltr'>et</span> <span class='ocrx_word' id='word_1_161' title='bbox 1058 1200 1259 1230; x_wconf 80' lang='lat' dir='ltr'>Conventus</span> <span class='ocrx_word' id='word_1_162' title='bbox 1283 1199 1514 1238; x_wconf 63' lang='lat' dir='ltr'>Plymptonie,</span> <span class='ocrx_word' id='word_1_163' title='bbox 1532 1201 1607 1236; x_wconf 68' lang='lat' dir='ltr'>ete,</span> <span class='ocrx_word' id='word_1_164' title='bbox 1625 1199 1770 1229; x_wconf 88' lang='lat' dir='ltr'>eandem</span> 
     </span>
     <span class='ocr_line' id='line_1_23' title="bbox 390 1243 1771 1284; baseline -0.001 -11"><span class='ocrx_word' id='word_1_165' title='bbox 390 1243 576 1283; x_wconf 73' lang='lat' dir='ltr'>Capellam,</span> <span class='ocrx_word' id='word_1_166' title='bbox 595 1255 673 1274; x_wconf 88' lang='lat' dir='ltr'>cum</span> <span class='ocrx_word' id='word_1_167' title='bbox 691 1245 762 1275; x_wconf 86' lang='lat' dir='ltr'>suis</span> <span class='ocrx_word' id='word_1_168' title='bbox 777 1244 913 1284; x_wconf 83' lang='lat' dir='ltr'>juribus</span> <span class='ocrx_word' id='word_1_169' title='bbox 931 1246 965 1274; x_wconf 83' lang='lat' dir='ltr'>et</span> <span class='ocrx_word' id='word_1_170' title='bbox 982 1244 1208 1283; x_wconf 77' lang='lat' dir='ltr'>pertinenciis</span> <span class='ocrx_word' id='word_1_171' title='bbox 1224 1243 1406 1276; x_wconf 79' lang='lat' dir='ltr'>universis.</span> <span class='ocrx_word' id='word_1_172' title='bbox 1425 1243 1597 1273; x_wconf 86' lang='lat' dir='ltr'>Canonice</span> <span class='ocrx_word' id='word_1_173' title='bbox 1614 1243 1771 1273; x_wconf 83' lang='lat' dir='ltr'>obtinen-</span> 
     </span>
     <span class='ocr_line' id='line_1_24' title="bbox 389 1287 1771 1328; baseline -0.001 -11"><span class='ocrx_word' id='word_1_174' title='bbox 389 1287 490 1325; x_wconf 89' lang='lat' dir='ltr'>cium,</span> <span class='ocrx_word' id='word_1_175' title='bbox 509 1291 640 1319; x_wconf 89' lang='lat' dir='ltr'>temere</span> <span class='ocrx_word' id='word_1_176' title='bbox 657 1290 955 1328; x_wconf 73' lang='lat' dir='ltr'>presumpserunt,</span> <span class='ocrx_word' id='word_1_177' title='bbox 974 1298 1013 1318; x_wconf 88' lang='lat' dir='ltr'>ac</span> <span class='ocrx_word' id='word_1_178' title='bbox 1030 1288 1066 1317; x_wconf 91' lang='lat' dir='ltr'>in</span> <span class='ocrx_word' id='word_1_179' title='bbox 1083 1288 1221 1327; x_wconf 81' lang='lat' dir='ltr'>signum</span> <span class='ocrx_word' id='word_1_180' title='bbox 1240 1287 1333 1318; x_wconf 82' lang='lat' dir='ltr'>Festi</span> <span class='ocrx_word' id='word_1_181' title='bbox 1351 1287 1590 1317; x_wconf 65' lang='lat' dir='ltr'>Dedicat-ionis</span> <span class='ocrx_word' id='word_1_182' title='bbox 1615 1287 1771 1327; x_wconf 85' lang='lat' dir='ltr'>ejusdem</span> 
     </span>
     <span class='ocr_line' id='line_1_25' title="bbox 390 1331 1772 1372; baseline -0.001 -11"><span class='ocrx_word' id='word_1_183' title='bbox 390 1331 528 1371; x_wconf 88' lang='lat' dir='ltr'>Capelle</span> <span class='ocrx_word' id='word_1_184' title='bbox 545 1333 717 1372; x_wconf 79' lang='lat' dir='ltr'>quoddam</span> <span class='ocrx_word' id='word_1_185' title='bbox 740 1333 914 1367; x_wconf 79' lang='lat' dir='ltr'>vexillum,</span> <span class='ocrx_word' id='word_1_186' title='bbox 933 1342 1010 1362; x_wconf 86' lang='lat' dir='ltr'>eum</span> <span class='ocrx_word' id='word_1_187' title='bbox 1029 1332 1243 1371; x_wconf 76' lang='lat' dir='ltr'>campanella</span> <span class='ocrx_word' id='word_1_188' title='bbox 1261 1332 1372 1362; x_wconf 90' lang='lat' dir='ltr'>eidem</span> <span class='ocrx_word' id='word_1_189' title='bbox 1390 1331 1500 1369; x_wconf 83' lang='lat' dir='ltr'>affixa,</span> <span class='ocrx_word' id='word_1_190' title='bbox 1519 1332 1563 1361; x_wconf 88' lang='lat' dir='ltr'>ad</span> <span class='ocrx_word' id='word_1_191' title='bbox 1579 1331 1772 1371; x_wconf 86' lang='lat' dir='ltr'>campanile</span> 
     </span>
     <span class='ocr_line' id='line_1_26' title="bbox 388 1375 1774 1416; baseline 0 -11"><span class='ocrx_word' id='word_1_192' title='bbox 388 1375 496 1414; x_wconf 88' lang='lat' dir='ltr'>ipsius</span> <span class='ocrx_word' id='word_1_193' title='bbox 514 1376 652 1415; x_wconf 84' lang='lat' dir='ltr'>Capelle</span> <span class='ocrx_word' id='word_1_194' title='bbox 669 1377 819 1416; x_wconf 84' lang='lat' dir='ltr'>appendi</span> <span class='ocrx_word' id='word_1_195' title='bbox 836 1376 996 1406; x_wconf 78' lang='lat' dir='ltr'>fecerunt</span> <span class='ocrx_word' id='word_1_196' title='bbox 1013 1376 1153 1415; x_wconf 82' lang='lat' dir='ltr'>injuste,</span> <span class='ocrx_word' id='word_1_197' title='bbox 1171 1376 1207 1405; x_wconf 93' lang='lat' dir='ltr'>in</span> <span class='ocrx_word' id='word_1_198' title='bbox 1229 1376 1485 1415; x_wconf 76' lang='lat' dir='ltr'>jurisdiccionis</span> <span class='ocrx_word' id='word_1_199' title='bbox 1502 1377 1536 1405; x_wconf 83' lang='lat' dir='ltr'>et</span> <span class='ocrx_word' id='word_1_200' title='bbox 1554 1375 1774 1405; x_wconf 82' lang='lat' dir='ltr'>auctoritatis</span> 
     </span>
     <span class='ocr_line' id='line_1_27' title="bbox 387 1419 1774 1459; baseline 0.001 -10"><span class='ocrx_word' id='word_1_201' title='bbox 387 1427 504 1450; x_wconf 86' lang='lat' dir='ltr'>nostre</span> <span class='ocrx_word' id='word_1_202' title='bbox 532 1421 746 1451; x_wconf 82' lang='lat' dir='ltr'>Pontifiealis</span> <span class='ocrx_word' id='word_1_203' title='bbox 774 1423 1012 1459; x_wconf 86' lang='lat' dir='ltr'>contemptum</span> <span class='ocrx_word' id='word_1_204' title='bbox 1040 1426 1075 1450; x_wconf 79' lang='lat' dir='ltr'>et</span> <span class='ocrx_word' id='word_1_205' title='bbox 1102 1420 1268 1459; x_wconf 83' lang='lat' dir='ltr'>injuriam</span> <span class='ocrx_word' id='word_1_206' title='bbox 1293 1419 1528 1457; x_wconf 75' lang='lat' dir='ltr'>manifestam,</span> <span class='ocrx_word' id='word_1_207' title='bbox 1552 1419 1774 1459; x_wconf 87' lang='lat' dir='ltr'>ipsorumque</span> 
     </span>
     <span class='ocr_line' id='line_1_28' title="bbox 388 1463 1772 1504; baseline 0 -11"><span class='ocrx_word' id='word_1_208' title='bbox 388 1463 639 1503; x_wconf 82' lang='lat' dir='ltr'>Religiosorum</span> <span class='ocrx_word' id='word_1_209' title='bbox 672 1465 835 1495; x_wconf 78' lang='lat' dir='ltr'>Virorum</span> <span class='ocrx_word' id='word_1_210' title='bbox 867 1464 1099 1504; x_wconf 81' lang='lat' dir='ltr'>prejudicium</span> <span class='ocrx_word' id='word_1_211' title='bbox 1132 1467 1167 1494; x_wconf 43' lang='lat' dir='ltr'>etv</span> <span class='ocrx_word' id='word_1_212' title='bbox 1199 1474 1398 1503; x_wconf 73' lang='lat' dir='ltr'>gravamen.</span> <span class='ocrx_word' id='word_1_213' title='bbox 1446 1463 1622 1501; x_wconf 75' lang='lat' dir='ltr'>Volentes,</span> <span class='ocrx_word' id='word_1_214' title='bbox 1655 1464 1772 1503; x_wconf 75' lang='lat' dir='ltr'>igitur,</span> 
     </span>
     <span class='ocr_line' id='line_1_29' title="bbox 385 1507 1772 1548; baseline 0 -11"><span class='ocrx_word' id='word_1_215' title='bbox 385 1507 465 1547; x_wconf 80' lang='lat' dir='ltr'>jura</span> <span class='ocrx_word' id='word_1_216' title='bbox 481 1512 601 1539; x_wconf 83' lang='lat' dir='ltr'>nostra</span> <span class='ocrx_word' id='word_1_217' title='bbox 619 1509 839 1548; x_wconf 84' lang='lat' dir='ltr'>Episcopalia</span> <span class='ocrx_word' id='word_1_218' title='bbox 856 1512 890 1539; x_wconf 88' lang='lat' dir='ltr'>et</span> <span class='ocrx_word' id='word_1_219' title='bbox 908 1509 1055 1538; x_wconf 90' lang='lat' dir='ltr'>aliorum</span> <span class='ocrx_word' id='word_1_220' title='bbox 1073 1508 1290 1538; x_wconf 87' lang='lat' dir='ltr'>subditorum</span> <span class='ocrx_word' id='word_1_221' title='bbox 1309 1510 1506 1537; x_wconf 87' lang='lat' dir='ltr'>nostrorum</span> <span class='ocrx_word' id='word_1_222' title='bbox 1532 1518 1772 1547; x_wconf 85' lang='lat' dir='ltr'>quorumcum-</span> 
     </span>
     <span class='ocr_line' id='line_1_30' title="bbox 387 1551 1772 1592; baseline 0 -11"><span class='ocrx_word' id='word_1_223' title='bbox 387 1562 452 1591; x_wconf 90' lang='lat' dir='ltr'>que</span> <span class='ocrx_word' id='word_1_224' title='bbox 469 1553 625 1592; x_wconf 82' lang='lat' dir='ltr'>legitime</span> <span class='ocrx_word' id='word_1_225' title='bbox 642 1553 743 1589; x_wconf 85' lang='lat' dir='ltr'>tueri,</span> <span class='ocrx_word' id='word_1_226' title='bbox 758 1551 904 1592; x_wconf 57' lang='lat' dir='ltr'>[vobis]</span> <span class='ocrx_word' id='word_1_227' title='bbox 919 1556 996 1590; x_wconf 67' lang='lat' dir='ltr'>ete,</span> <span class='ocrx_word' id='word_1_228' title='bbox 1010 1553 1218 1582; x_wconf 79' lang='lat' dir='ltr'>mandamus</span> <span class='ocrx_word' id='word_1_229' title='bbox 1235 1553 1400 1592; x_wconf 78' lang='lat' dir='ltr'>quatinus</span> <span class='ocrx_word' id='word_1_230' title='bbox 1418 1552 1574 1589; x_wconf 60' lang='lat' dir='ltr'>legitime</span> <span class='ocrx_word' id='word_1_231' title='bbox 1592 1552 1772 1589; x_wconf 84' lang='lat' dir='ltr'>moneatis,</span> 
     </span>
     <span class='ocr_line' id='line_1_31' title="bbox 386 1596 1773 1636; baseline 0.001 -11"><span class='ocrx_word' id='word_1_232' title='bbox 386 1596 508 1635; x_wconf 87' lang='lat' dir='ltr'>primo,</span> <span class='ocrx_word' id='word_1_233' title='bbox 527 1597 687 1633; x_wconf 83' lang='lat' dir='ltr'>secundo,</span> <span class='ocrx_word' id='word_1_234' title='bbox 705 1600 739 1627; x_wconf 82' lang='lat' dir='ltr'>et</span> <span class='ocrx_word' id='word_1_235' title='bbox 758 1597 864 1627; x_wconf 85' lang='lat' dir='ltr'>tercio</span> <span class='ocrx_word' id='word_1_236' title='bbox 881 1607 920 1627; x_wconf 83' lang='lat' dir='ltr'>ac</span> <span class='ocrx_word' id='word_1_237' title='bbox 937 1597 1180 1636; x_wconf 74' lang='lat' dir='ltr'>peremptorie,</span> <span class='ocrx_word' id='word_1_238' title='bbox 1198 1596 1427 1635; x_wconf 84' lang='lat' dir='ltr'>parochianos</span> <span class='ocrx_word' id='word_1_239' title='bbox 1445 1596 1583 1635; x_wconf 83' lang='lat' dir='ltr'>Capelle</span> <span class='ocrx_word' id='word_1_240' title='bbox 1608 1597 1773 1635; x_wconf 78' lang='lat' dir='ltr'>predicte,</span> 
     </span>
     <span class='ocr_line' id='line_1_32' title="bbox 386 1640 1773 1681; baseline -0.001 -11"><span class='ocrx_word' id='word_1_241' title='bbox 386 1650 506 1671; x_wconf 85' lang='lat' dir='ltr'>omnes</span> <span class='ocrx_word' id='word_1_242' title='bbox 537 1644 573 1671; x_wconf 80' lang='lat' dir='ltr'>et</span> <span class='ocrx_word' id='word_1_243' title='bbox 605 1641 770 1681; x_wconf 76' lang='lat' dir='ltr'>singulos,</span> <span class='ocrx_word' id='word_1_244' title='bbox 799 1641 889 1681; x_wconf 88' lang='lat' dir='ltr'>quod</span> <span class='ocrx_word' id='word_1_245' title='bbox 921 1641 964 1671; x_wconf 84' lang='lat' dir='ltr'>ab</span> <span class='ocrx_word' id='word_1_246' title='bbox 992 1641 1193 1681; x_wconf 88' lang='lat' dir='ltr'>hujusmodi</span> <span class='ocrx_word' id='word_1_247' title='bbox 1227 1641 1320 1671; x_wconf 81' lang='lat' dir='ltr'>Festi</span> <span class='ocrx_word' id='word_1_248' title='bbox 1350 1640 1591 1671; x_wconf 63' lang='lat' dir='ltr'>Dedicat-ionis</span> <span class='ocrx_word' id='word_1_249' title='bbox 1615 1640 1773 1680; x_wconf 83' lang='lat' dir='ltr'>ejusdem</span> 
     </span>
     <span class='ocr_line' id='line_1_33' title="bbox 389 1684 1773 1724; baseline 0.001 -10"><span class='ocrx_word' id='word_1_250' title='bbox 389 1684 526 1724; x_wconf 84' lang='lat' dir='ltr'>Capelle</span> <span class='ocrx_word' id='word_1_251' title='bbox 558 1686 732 1716; x_wconf 89' lang='lat' dir='ltr'>indicione</span> <span class='ocrx_word' id='word_1_252' title='bbox 764 1688 799 1715; x_wconf 83' lang='lat' dir='ltr'>et</span> <span class='ocrx_word' id='word_1_253' title='bbox 831 1685 1077 1723; x_wconf 87' lang='lat' dir='ltr'>celebracione,</span> <span class='ocrx_word' id='word_1_254' title='bbox 1110 1695 1149 1715; x_wconf 80' lang='lat' dir='ltr'>ac</span> <span class='ocrx_word' id='word_1_255' title='bbox 1182 1685 1307 1715; x_wconf 85' lang='lat' dir='ltr'>ceteris</span> <span class='ocrx_word' id='word_1_256' title='bbox 1338 1684 1664 1723; x_wconf 82' lang='lat' dir='ltr'>presumpcionibus</span> <span class='ocrx_word' id='word_1_257' title='bbox 1703 1685 1773 1715; x_wconf 83' lang='lat' dir='ltr'>suis</span> 
     </span>
     <span class='ocr_line' id='line_1_34' title="bbox 387 1729 1772 1769; baseline 0 -11"><span class='ocrx_word' id='word_1_258' title='bbox 387 1730 634 1769; x_wconf 80' lang='lat' dir='ltr'>suprascriptis</span> <span class='ocrx_word' id='word_1_259' title='bbox 650 1740 712 1769; x_wconf 89' lang='lat' dir='ltr'>per</span> <span class='ocrx_word' id='word_1_260' title='bbox 727 1730 821 1769; x_wconf 87' lang='lat' dir='ltr'>ipsos</span> <span class='ocrx_word' id='word_1_261' title='bbox 845 1732 976 1759; x_wconf 85' lang='lat' dir='ltr'>temere</span> <span class='ocrx_word' id='word_1_262' title='bbox 1001 1729 1232 1768; x_wconf 75' lang='lat' dir='ltr'>attemptatis,</span> <span class='ocrx_word' id='word_1_263' title='bbox 1251 1729 1316 1758; x_wconf 71' lang='lat' dir='ltr'>nisi</span> <span class='ocrx_word' id='word_1_264' title='bbox 1335 1729 1432 1759; x_wconf 74' lang='lat' dir='ltr'>vobis</span> <span class='ocrx_word' id='word_1_265' title='bbox 1458 1729 1670 1759; x_wconf 83' lang='lat' dir='ltr'>sufficienter</span> <span class='ocrx_word' id='word_1_266' title='bbox 1695 1739 1772 1759; x_wconf 87' lang='lat' dir='ltr'>con-</span> 
     </span>
     <span class='ocr_line' id='line_1_35' title="bbox 386 1772 1773 1813; baseline 0.001 -11"><span class='ocrx_word' id='word_1_267' title='bbox 386 1773 515 1803; x_wconf 82' lang='lat' dir='ltr'>stiterit</span> <span class='ocrx_word' id='word_1_268' title='bbox 534 1774 729 1813; x_wconf 84' lang='lat' dir='ltr'>predictum</span> <span class='ocrx_word' id='word_1_269' title='bbox 748 1774 889 1804; x_wconf 87' lang='lat' dir='ltr'>Festum</span> <span class='ocrx_word' id='word_1_270' title='bbox 907 1774 1015 1803; x_wconf 81' lang='lat' dir='ltr'>fnisse</span> <span class='ocrx_word' id='word_1_271' title='bbox 1033 1776 1067 1803; x_wconf 78' lang='lat' dir='ltr'>et</span> <span class='ocrx_word' id='word_1_272' title='bbox 1084 1783 1159 1803; x_wconf 80' lang='lat' dir='ltr'>esse</span> <span class='ocrx_word' id='word_1_273' title='bbox 1176 1773 1333 1812; x_wconf 74' lang='lat' dir='ltr'>legitime</span> <span class='ocrx_word' id='word_1_274' title='bbox 1350 1773 1521 1802; x_wconf 80' lang='lat' dir='ltr'>indictum</span> <span class='ocrx_word' id='word_1_275' title='bbox 1539 1776 1574 1803; x_wconf 86' lang='lat' dir='ltr'>et</span> <span class='ocrx_word' id='word_1_276' title='bbox 1600 1772 1773 1803; x_wconf 82' lang='lat' dir='ltr'>Canonicc</span> 
     </span>
     <span class='ocr_line' id='line_1_36' title="bbox 386 1817 1774 1857; baseline 0.001 -11"><span class='ocrx_word' id='word_1_277' title='bbox 386 1817 610 1851; x_wconf 78' lang='lat' dir='ltr'>celebratum,</span> <span class='ocrx_word' id='word_1_278' title='bbox 628 1824 764 1849; x_wconf 81' lang='lat' dir='ltr'>cessent</span> <span class='ocrx_word' id='word_1_279' title='bbox 788 1818 929 1857; x_wconf 86' lang='lat' dir='ltr'>penitus</span> <span class='ocrx_word' id='word_1_280' title='bbox 953 1820 988 1848; x_wconf 86' lang='lat' dir='ltr'>et</span> <span class='ocrx_word' id='word_1_281' title='bbox 1013 1817 1194 1853; x_wconf 80' lang='lat' dir='ltr'>desistant,</span> <span class='ocrx_word' id='word_1_282' title='bbox 1213 1828 1252 1847; x_wconf 84' lang='lat' dir='ltr'>ac</span> <span class='ocrx_word' id='word_1_283' title='bbox 1277 1817 1504 1856; x_wconf 79' lang='lat' dir='ltr'>imposterum</span> <span class='ocrx_word' id='word_1_284' title='bbox 1530 1818 1774 1856; x_wconf 85' lang='lat' dir='ltr'>attemptando</span> 
     </span>
     <span class='ocr_line' id='line_1_37' title="bbox 385 1861 1772 1901; baseline -0.001 -10"><span class='ocrx_word' id='word_1_285' title='bbox 385 1862 542 1892; x_wconf 86' lang='lat' dir='ltr'>totaliter</span> <span class='ocrx_word' id='word_1_286' title='bbox 559 1872 593 1893; x_wconf 87' lang='lat' dir='ltr'>se</span> <span class='ocrx_word' id='word_1_287' title='bbox 611 1863 821 1899; x_wconf 85' lang='lat' dir='ltr'>abstineant,</span> <span class='ocrx_word' id='word_1_288' title='bbox 840 1862 904 1892; x_wconf 84' lang='lat' dir='ltr'>snb</span> <span class='ocrx_word' id='word_1_289' title='bbox 920 1872 1010 1901; x_wconf 86' lang='lat' dir='ltr'>pena</span> <span class='ocrx_word' id='word_1_290' title='bbox 1027 1861 1409 1891; x_wconf 83' lang='lat' dir='ltr'>Excommunieacionis</span> <span class='ocrx_word' id='word_1_291' title='bbox 1427 1861 1568 1899; x_wconf 81' lang='lat' dir='ltr'>Majoris</span> <span class='ocrx_word' id='word_1_292' title='bbox 1586 1861 1619 1890; x_wconf 89' lang='lat' dir='ltr'>in</span> <span class='ocrx_word' id='word_1_293' title='bbox 1639 1864 1772 1891; x_wconf 86' lang='lat' dir='ltr'>contra-</span> 
     </span>
     <span class='ocr_line' id='line_1_38' title="bbox 387 1905 1775 1945; baseline 0.001 -11"><span class='ocrx_word' id='word_1_294' title='bbox 387 1906 567 1936; x_wconf 73' lang='lat' dir='ltr'>venientes</span> <span class='ocrx_word' id='word_1_295' title='bbox 585 1917 653 1936; x_wconf 87' lang='lat' dir='ltr'>non</span> <span class='ocrx_word' id='word_1_296' title='bbox 670 1907 847 1936; x_wconf 86' lang='lat' dir='ltr'>immerito</span> <span class='ocrx_word' id='word_1_297' title='bbox 864 1906 1092 1936; x_wconf 83' lang='lat' dir='ltr'>fulminande.</span> <span class='ocrx_word' id='word_1_298' title='bbox 1141 1905 1237 1943; x_wconf 83' lang='lat' dir='ltr'>Quod</span> <span class='ocrx_word' id='word_1_299' title='bbox 1257 1905 1283 1935; x_wconf 87' lang='lat' dir='ltr'>si</span> <span class='ocrx_word' id='word_1_300' title='bbox 1302 1905 1501 1945; x_wconf 81' lang='lat' dir='ltr'>hujusmodi</span> <span class='ocrx_word' id='word_1_301' title='bbox 1521 1905 1775 1936; x_wconf 84' lang='lat' dir='ltr'>Monicionibus</span> 
     </span>
     <span class='ocr_line' id='line_1_39' title="bbox 385 1949 1773 1990; baseline 0.001 -13"><span class='ocrx_word' id='word_1_302' title='bbox 385 1950 512 1980; x_wconf 82' lang='lat' dir='ltr'>vestris</span> <span class='ocrx_word' id='word_1_303' title='bbox 529 1961 596 1979; x_wconf 84' lang='lat' dir='ltr'>non</span> <span class='ocrx_word' id='word_1_304' title='bbox 615 1951 797 1990; x_wconf 80' lang='lat' dir='ltr'>paruerint</span> <span class='ocrx_word' id='word_1_305' title='bbox 821 1960 899 1980; x_wconf 90' lang='lat' dir='ltr'>cum</span> <span class='ocrx_word' id='word_1_306' title='bbox 925 1950 1063 1985; x_wconf 83' lang='lat' dir='ltr'>effectu,</span> <span class='ocrx_word' id='word_1_307' title='bbox 1089 1950 1123 1979; x_wconf 92' lang='lat' dir='ltr'>in</span> <span class='ocrx_word' id='word_1_308' title='bbox 1148 1949 1240 1988; x_wconf 82' lang='lat' dir='ltr'>ipsos</span> <span class='ocrx_word' id='word_1_309' title='bbox 1265 1960 1384 1979; x_wconf 83' lang='lat' dir='ltr'>omnes</span> <span class='ocrx_word' id='word_1_310' title='bbox 1409 1956 1442 1979; x_wconf 87' lang='lat' dir='ltr'>et</span> <span class='ocrx_word' id='word_1_311' title='bbox 1469 1949 1623 1986; x_wconf 59' lang='lat' dir='ltr'>sing-ulos</span> <span class='ocrx_word' id='word_1_312' title='bbox 1648 1950 1681 1979; x_wconf 89' lang='lat' dir='ltr'>in</span> <span class='ocrx_word' id='word_1_313' title='bbox 1708 1950 1773 1979; x_wconf 83' lang='lat' dir='ltr'>hac-</span> 
     </span>
     <span class='ocr_line' id='line_1_40' title="bbox 386 1994 1772 2033; baseline 0 -10"><span class='ocrx_word' id='word_1_314' title='bbox 386 1996 485 2032; x_wconf 86' lang='lat' dir='ltr'>parte</span> <span class='ocrx_word' id='word_1_315' title='bbox 502 1996 726 2025; x_wconf 84' lang='lat' dir='ltr'>contumaces</span> <span class='ocrx_word' id='word_1_316' title='bbox 742 1996 777 2024; x_wconf 85' lang='lat' dir='ltr'>et·</span> <span class='ocrx_word' id='word_1_317' title='bbox 794 1995 950 2031; x_wconf 87' lang='lat' dir='ltr'>rebelles,</span> <span class='ocrx_word' id='word_1_318' title='bbox 969 1994 1079 2033; x_wconf 86' lang='lat' dir='ltr'>culpa,</span> <span class='ocrx_word' id='word_1_319' title='bbox 1098 2003 1203 2031; x_wconf 82' lang='lat' dir='ltr'>mora,</span> <span class='ocrx_word' id='word_1_320' title='bbox 1218 1996 1251 2023; x_wconf 90' lang='lat' dir='ltr'>ct</span> <span class='ocrx_word' id='word_1_321' title='bbox 1270 1994 1401 2023; x_wconf 78' lang='lat' dir='ltr'>offensa</span> <span class='ocrx_word' id='word_1_322' title='bbox 1419 1994 1570 2032; x_wconf 87' lang='lat' dir='ltr'>ipsorum</span> <span class='ocrx_word' id='word_1_323' title='bbox 1591 1994 1772 2033; x_wconf 84' lang='lat' dir='ltr'>preceden-</span> 
     </span>
     <span class='ocr_line' id='line_1_41' title="bbox 387 2037 1771 2077; baseline 0 -10"><span class='ocrx_word' id='word_1_324' title='bbox 387 2037 490 2076; x_wconf 86' lang='lat' dir='ltr'>tibus,</span> <span class='ocrx_word' id='word_1_325' title='bbox 519 2038 611 2068; x_wconf 71' lang='lat' dir='ltr'>(lic&#39;ta</span> <span class='ocrx_word' id='word_1_326' title='bbox 639 2038 814 2069; x_wconf 75' lang='lat' dir='ltr'>Canonica</span> <span class='ocrx_word' id='word_1_327' title='bbox 840 2038 1033 2068; x_wconf 85' lang='lat' dir='ltr'>Monieione</span> <span class='ocrx_word' id='word_1_328' title='bbox 1065 2038 1244 2077; x_wconf 85' lang='lat' dir='ltr'>premissa,</span> <span class='ocrx_word' id='word_1_329' title='bbox 1279 2038 1501 2068; x_wconf 76' lang='lat' dir='ltr'>Sentenciam</span> <span class='ocrx_word' id='word_1_330' title='bbox 1528 2038 1771 2068; x_wconf 79' lang='lat' dir='ltr'>Excommuni-</span> 
     </span>
     <span class='ocr_line' id='line_1_42' title="bbox 387 2082 1772 2122; baseline 0.001 -11"><span class='ocrx_word' id='word_1_331' title='bbox 387 2082 537 2112; x_wconf 85' lang='lat' dir='ltr'>cacionis</span> <span class='ocrx_word' id='word_1_332' title='bbox 570 2082 712 2122; x_wconf 78' lang='lat' dir='ltr'>Majoris</span> <span class='ocrx_word' id='word_1_333' title='bbox 744 2082 915 2112; x_wconf 83' lang='lat' dir='ltr'>studeatis</span> <span class='ocrx_word' id='word_1_334' title='bbox 947 2082 1102 2121; x_wconf 68' lang='lat' dir='ltr'>legitime</span> <span class='ocrx_word' id='word_1_335' title='bbox 1135 2082 1365 2121; x_wconf 79' lang='lat' dir='ltr'>promulgare.</span> <span class='ocrx_word' id='word_1_336' title='bbox 1427 2082 1481 2111; x_wconf 81' lang='lat' dir='ltr'>Ad</span> <span class='ocrx_word' id='word_1_337' title='bbox 1507 2092 1571 2121; x_wconf 89' lang='lat' dir='ltr'>que</span> <span class='ocrx_word' id='word_1_338' title='bbox 1603 2083 1772 2121; x_wconf 82' lang='lat' dir='ltr'>premissa</span> 
     </span>
     <span class='ocr_line' id='line_1_43' title="bbox 385 2125 1772 2163; baseline 0.001 -8"><span class='ocrx_word' id='word_1_339' title='bbox 385 2125 545 2156; x_wconf 83' lang='lat' dir='ltr'>facienda</span> <span class='ocrx_word' id='word_1_340' title='bbox 562 2126 669 2163; x_wconf 72' lang='lat' dir='ltr'>vobis,</span> <span class='ocrx_word' id='word_1_341' title='bbox 684 2127 916 2157; x_wconf 85' lang='lat' dir='ltr'>communiter</span> <span class='ocrx_word' id='word_1_342' title='bbox 932 2132 965 2156; x_wconf 90' lang='lat' dir='ltr'>et</span> <span class='ocrx_word' id='word_1_343' title='bbox 980 2126 1129 2163; x_wconf 75' lang='lat' dir='ltr'>divisim,</span> <span class='ocrx_word' id='word_1_344' title='bbox 1144 2128 1264 2156; x_wconf 85' lang='lat' dir='ltr'>tenore</span> <span class='ocrx_word' id='word_1_345' title='bbox 1282 2126 1504 2156; x_wconf 88' lang='lat' dir='ltr'>Presencium</span> <span class='ocrx_word' id='word_1_346' title='bbox 1519 2127 1772 2156; x_wconf 83' lang='lat' dir='ltr'>committimus</span> 
     </span>
     <span class='ocr_line' id='line_1_44' title="bbox 384 2170 1769 2210; baseline 0.001 -11"><span class='ocrx_word' id='word_1_347' title='bbox 384 2170 476 2200; x_wconf 76' lang='lat' dir='ltr'>vices</span> <span class='ocrx_word' id='word_1_348' title='bbox 493 2176 640 2208; x_wconf 83' lang='lat' dir='ltr'>nostras,</span> <span class='ocrx_word' id='word_1_349' title='bbox 658 2181 737 2201; x_wconf 90' lang='lat' dir='ltr'>cum</span> <span class='ocrx_word' id='word_1_350' title='bbox 755 2170 940 2210; x_wconf 83' lang='lat' dir='ltr'>cujuslibet</span> <span class='ocrx_word' id='word_1_351' title='bbox 959 2170 1172 2200; x_wconf 85' lang='lat' dir='ltr'>cohercionis</span> <span class='ocrx_word' id='word_1_352' title='bbox 1191 2170 1362 2200; x_wconf 81' lang='lat' dir='ltr'>Canonice</span> <span class='ocrx_word' id='word_1_353' title='bbox 1388 2174 1572 2209; x_wconf 79' lang='lat' dir='ltr'>potestate.</span> <span class='ocrx_word' id='word_1_354' title='bbox 1622 2171 1664 2200; x_wconf 80' lang='lat' dir='ltr'>Et</span> <span class='ocrx_word' id='word_1_355' title='bbox 1689 2171 1769 2209; x_wconf 88' lang='lat' dir='ltr'>quid</span> 
     </span>
     <span class='ocr_line' id='line_1_45' title="bbox 384 2214 1768 2254; baseline 0 -10"><span class='ocrx_word' id='word_1_356' title='bbox 384 2214 539 2244; x_wconf 84' lang='lat' dir='ltr'>feceritis</span> <span class='ocrx_word' id='word_1_357' title='bbox 556 2214 590 2244; x_wconf 93' lang='lat' dir='ltr'>in</span> <span class='ocrx_word' id='word_1_358' title='bbox 608 2215 796 2253; x_wconf 81' lang='lat' dir='ltr'>premissis,</span> <span class='ocrx_word' id='word_1_359' title='bbox 814 2225 886 2248; x_wconf 81' lang='lat' dir='ltr'>nos,</span> <span class='ocrx_word' id='word_1_360' title='bbox 905 2219 965 2244; x_wconf 82' lang='lat' dir='ltr'>aut</span> <span class='ocrx_word' id='word_1_361' title='bbox 984 2214 1191 2251; x_wconf 57' lang='lat' dir='ltr'>Magistrum</span> <span class='ocrx_word' id='word_1_362' title='bbox 1217 2215 1428 2244; x_wconf 83' lang='lat' dir='ltr'>Willelmum</span> <span class='ocrx_word' id='word_1_363' title='bbox 1455 2214 1560 2254; x_wconf 64' lang='lat' dir='ltr'>Byde,</span> <span class='ocrx_word' id='word_1_364' title='bbox 1580 2215 1768 2245; x_wconf 69' lang='lat' dir='ltr'>Officialem</span> 
     </span>
     <span class='ocr_line' id='line_1_46' title="bbox 385 2258 1770 2298; baseline 0.001 -11"><span class='ocrx_word' id='word_1_365' title='bbox 385 2262 541 2288; x_wconf 85' lang='lat' dir='ltr'>nostrum</span> <span class='ocrx_word' id='word_1_366' title='bbox 570 2259 813 2298; x_wconf 81' lang='lat' dir='ltr'>Principalem,</span> <span class='ocrx_word' id='word_1_367' title='bbox 838 2269 916 2289; x_wconf 85' lang='lat' dir='ltr'>cum</span> <span class='ocrx_word' id='word_1_368' title='bbox 941 2261 1114 2297; x_wconf 83' lang='lat' dir='ltr'>potestate</span> <span class='ocrx_word' id='word_1_369' title='bbox 1140 2258 1334 2297; x_wconf 73' lang='lat' dir='ltr'>corrigendi</span> <span class='ocrx_word' id='word_1_370' title='bbox 1361 2261 1395 2288; x_wconf 83' lang='lat' dir='ltr'>et</span> <span class='ocrx_word' id='word_1_371' title='bbox 1419 2259 1585 2297; x_wconf 85' lang='lat' dir='ltr'>puniendi</span> <span class='ocrx_word' id='word_1_372' title='bbox 1610 2269 1770 2298; x_wconf 86' lang='lat' dir='ltr'>quorum-</span> 
     </span>
     <span class='ocr_line' id='line_1_47' title="bbox 385 2302 1769 2342; baseline 0.001 -11"><span class='ocrx_word' id='word_1_373' title='bbox 385 2313 530 2342; x_wconf 82' lang='lat' dir='ltr'>cumque</span> <span class='ocrx_word' id='word_1_374' title='bbox 560 2303 777 2333; x_wconf 83' lang='lat' dir='ltr'>subditorum</span> <span class='ocrx_word' id='word_1_375' title='bbox 803 2305 1001 2333; x_wconf 86' lang='lat' dir='ltr'>nostrorum</span> <span class='ocrx_word' id='word_1_376' title='bbox 1028 2302 1172 2332; x_wconf 83' lang='lat' dir='ltr'>crimina</span> <span class='ocrx_word' id='word_1_377' title='bbox 1199 2305 1233 2332; x_wconf 78' lang='lat' dir='ltr'>et</span> <span class='ocrx_word' id='word_1_378' title='bbox 1260 2313 1419 2333; x_wconf 79' lang='lat' dir='ltr'>excessus</span> <span class='ocrx_word' id='word_1_379' title='bbox 1447 2303 1602 2341; x_wconf 75' lang='lat' dir='ltr'>legitime</span> <span class='ocrx_word' id='word_1_380' title='bbox 1628 2303 1769 2342; x_wconf 82' lang='lat' dir='ltr'>deputa-</span> 
     </span>
     <span class='ocr_line' id='line_1_48' title="bbox 386 2346 1770 2386; baseline 0.001 -10"><span class='ocrx_word' id='word_1_381' title='bbox 386 2349 471 2383; x_wconf 79' lang='lat' dir='ltr'>tum,</span> <span class='ocrx_word' id='word_1_382' title='bbox 497 2354 557 2376; x_wconf 85' lang='lat' dir='ltr'>aut</span> <span class='ocrx_word' id='word_1_383' title='bbox 583 2347 790 2386; x_wconf 72' lang='lat' dir='ltr'>Magistrum</span> <span class='ocrx_word' id='word_1_384' title='bbox 815 2347 1010 2377; x_wconf 62' lang='lat' dir='ltr'>,Iohannem</span> <span class='ocrx_word' id='word_1_385' title='bbox 1038 2347 1187 2385; x_wconf 72' lang='lat' dir='ltr'>Lugans.</span> <span class='ocrx_word' id='word_1_386' title='bbox 1214 2346 1499 2377; x_wconf 64' lang='lat' dir='ltr'>commissarium</span> <span class='ocrx_word' id='word_1_387' title='bbox 1525 2354 1681 2377; x_wconf 81' lang='lat' dir='ltr'>nostrum</span> <span class='ocrx_word' id='word_1_388' title='bbox 1709 2358 1770 2386; x_wconf 87' lang='lat' dir='ltr'>per</span> 
     </span>
     <span class='ocr_line' id='line_1_49' title="bbox 383 2391 1767 2431; baseline 0.001 -12"><span class='ocrx_word' id='word_1_389' title='bbox 383 2401 445 2420; x_wconf 83' lang='lat' dir='ltr'>nos</span> <span class='ocrx_word' id='word_1_390' title='bbox 472 2391 506 2420; x_wconf 86' lang='lat' dir='ltr'>in</span> <span class='ocrx_word' id='word_1_391' title='bbox 536 2391 599 2421; x_wconf 85' lang='grc'>11110</span> <span class='ocrx_word' id='word_1_392' title='bbox 625 2393 724 2430; x_wconf 79' lang='lat' dir='ltr'>parte</span> <span class='ocrx_word' id='word_1_393' title='bbox 753 2391 950 2431; x_wconf 80' lang='lat' dir='ltr'>specialiter</span> <span class='ocrx_word' id='word_1_394' title='bbox 975 2391 1202 2429; x_wconf 77' lang='lat' dir='ltr'>assignatum,</span> <span class='ocrx_word' id='word_1_395' title='bbox 1230 2401 1306 2421; x_wconf 86' lang='lat' dir='ltr'>cum</span> <span class='ocrx_word' id='word_1_396' title='bbox 1337 2401 1398 2429; x_wconf 85' lang='lat' dir='ltr'>per</span> <span class='ocrx_word' id='word_1_397' title='bbox 1429 2394 1563 2429; x_wconf 85' lang='lat' dir='ltr'>partem</span> <span class='ocrx_word' id='word_1_398' title='bbox 1597 2391 1767 2421; x_wconf 85' lang='lat' dir='ltr'>dictorum</span> 
     </span>
     <span class='ocr_line' id='line_1_50' title="bbox 384 2435 1769 2475; baseline 0.001 -11"><span class='ocrx_word' id='word_1_399' title='bbox 384 2435 636 2473; x_wconf 79' lang='lat' dir='ltr'>Religiosorum</span> <span class='ocrx_word' id='word_1_400' title='bbox 668 2435 830 2465; x_wconf 76' lang='lat' dir='ltr'>Virorum</span> <span class='ocrx_word' id='word_1_401' title='bbox 865 2445 1015 2474; x_wconf 71' lang='lat' dir='ltr'>congrue</span> <span class='ocrx_word' id='word_1_402' title='bbox 1046 2435 1186 2465; x_wconf 82' lang='lat' dir='ltr'>fueritis</span> <span class='ocrx_word' id='word_1_403' title='bbox 1219 2435 1387 2475; x_wconf 71' lang='lat' dir='ltr'>requisiti,</span> <span class='ocrx_word' id='word_1_404' title='bbox 1420 2435 1629 2468; x_wconf 73' lang='lat' dir='ltr'>certificetis,</span> <span class='ocrx_word' id='word_1_405' title='bbox 1658 2442 1769 2466; x_wconf 63' lang='lat' dir='ltr'>etc.—</span> 
     </span>
     <span class='ocr_line' id='line_1_51' title="bbox 382 2479 949 2517; baseline 0 -8"><span class='ocrx_word' id='word_1_406' title='bbox 382 2479 495 2509; x_wconf 86' lang='lat' dir='ltr'>Dated</span> <span class='ocrx_word' id='word_1_407' title='bbox 514 2479 666 2517; x_wconf 83' lang='lat' dir='ltr'>London,</span> <span class='ocrx_word' id='word_1_408' title='bbox 686 2480 727 2509; x_wconf 93' lang='lat' dir='ltr'>lO</span> <span class='ocrx_word' id='word_1_409' title='bbox 743 2479 949 2510; x_wconf 76' lang='lat' dir='ltr'>November.</span> 
     </span>
    </p>
   </div>
   <div class='ocr_carea' id='block_1_8' title="bbox 337 2532 1644 2699">
    <p class='ocr_par' dir='ltr' id='par_1_8' title="bbox 337 2532 1644 2699">
     <span class='ocr_line' id='line_1_52' title="bbox 339 2532 800 2583; baseline 0 -13"><span class='ocrx_word' id='word_1_410' title='bbox 339 2532 800 2583; x_wconf 49' lang='lat' dir='ltr'>Lette1s-Di1niss01·y‚„-</span> 
     </span>
     <span class='ocr_line' id='line_1_53' title="bbox 337 2587 1644 2628; baseline 0.001 -10"><span class='ocrx_word' id='word_1_411' title='bbox 337 2588 429 2618; x_wconf 83' lang='lat' dir='ltr'>John</span> <span class='ocrx_word' id='word_1_412' title='bbox 447 2588 650 2628; x_wconf 67' lang='lat' dir='ltr'>Bernevyle,</span> <span class='ocrx_word' id='word_1_413' title='bbox 667 2589 821 2626; x_wconf 84' lang='lat' dir='ltr'>accolite,</span> <span class='ocrx_word' id='word_1_414' title='bbox 841 2588 858 2601; x_wconf 70' lang='lat'>‘⁶</span> <span class='ocrx_word' id='word_1_415' title='bbox 872 2589 915 2618; x_wconf 87' lang='lat' dir='ltr'>ad</span> <span class='ocrx_word' id='word_1_416' title='bbox 933 2599 1052 2619; x_wconf 85' lang='lat' dir='ltr'>omncs</span> <span class='ocrx_word' id='word_1_417' title='bbox 1071 2588 1193 2618; x_wconf 78' lang='lat' dir='ltr'>Sacros</span> <span class='ocrx_word' id='word_1_418' title='bbox 1211 2589 1383 2619; x_wconf 43' lang='lat' dir='ltr'>Ordines*</span> <span class='ocrx_word' id='word_1_419' title='bbox 1405 2588 1516 2628; x_wconf 79' lang='lat' dir='ltr'>(same</span> <span class='ocrx_word' id='word_1_420' title='bbox 1534 2587 1644 2619; x_wconf 53' lang='lat' dir='ltr'>date).</span> 
     </span>
     <span class='ocr_line' id='line_1_54' title="bbox 337 2645 1062 2699; baseline -0.001 -16"><span class='ocrx_word' id='word_1_421' title='bbox 337 2646 515 2684; x_wconf 85' lang='lat' dir='ltr'>Okeford</span> <span class='ocrx_word' id='word_1_422' title='bbox 532 2661 542 2693; x_wconf 74' lang='lat'><em>3</em></span> <span class='ocrx_word' id='word_1_423' title='bbox 562 2648 707 2697; x_wconf 69' lang='lat' dir='ltr'>Symon</span> <span class='ocrx_word' id='word_1_424' title='bbox 731 2645 919 2699; x_wconf 75' lang='lat' dir='ltr'>[Kynge],</span> <span class='ocrx_word' id='word_1_425' title='bbox 943 2647 1062 2692; x_wconf 73' lang='lat' dir='ltr'>R,—</span> 
     </span>
    </p>
   </div>
   <div class='ocr_carea' id='block_1_9' title="bbox 341 2702 1763 2742">
    <p class='ocr_par' dir='ltr' id='par_1_9' title="bbox 341 2702 1763 2742">
     <span class='ocr_line' id='line_1_55' title="bbox 341 2702 1763 2742; baseline 0 -10"><span class='ocrx_word' id='word_1_426' title='bbox 341 2703 544 2733; x_wconf 80' lang='lat' dir='ltr'>Relaxation</span> <span class='ocrx_word' id='word_1_427' title='bbox 573 2702 610 2732; x_wconf 78' lang='lat' dir='ltr'>of</span> <span class='ocrx_word' id='word_1_428' title='bbox 635 2703 693 2732; x_wconf 86' lang='lat' dir='ltr'>the</span> <span class='ocrx_word' id='word_1_429' title='bbox 721 2702 980 2742; x_wconf 76' lang='lat' dir='ltr'>Sequestration</span> <span class='ocrx_word' id='word_1_430' title='bbox 1009 2702 1046 2731; x_wconf 83' lang='lat' dir='ltr'>of</span> <span class='ocrx_word' id='word_1_431' title='bbox 1072 2702 1124 2731; x_wconf 70' lang='lat' dir='ltr'>liis</span> <span class='ocrx_word' id='word_1_432' title='bbox 1155 2702 1321 2733; x_wconf 74' lang='lat' dir='ltr'>Bcneticc.</span> <span class='ocrx_word' id='word_1_433' title='bbox 1350 2702 1418 2732; x_wconf 80' lang='lat' dir='ltr'>and</span> <span class='ocrx_word' id='word_1_434' title='bbox 1447 2703 1590 2733; x_wconf 49' lang='lat' dir='ltr'>Ilicem-e</span> <span class='ocrx_word' id='word_1_435' title='bbox 1617 2703 1653 2732; x_wconf 79' lang='lat' dir='ltr'>os</span> <span class='ocrx_word' id='word_1_436' title='bbox 1681 2713 1763 2733; x_wconf 84' lang='lat' dir='ltr'>non-</span> 
     </span>
    </p>
   </div>
   <div class='ocr_carea' id='block_1_10' title="bbox 381 2746 1763 2829">
    <p class='ocr_par' dir='ltr' id='par_1_10' title="bbox 381 2746 1763 2829">
     <span class='ocr_line' id='line_1_56' title="bbox 381 2746 1763 2786; baseline -0.001 -10"><span class='ocrx_word' id='word_1_437' title='bbox 381 2747 569 2782; x_wconf 72' lang='lat' dir='ltr'>residmice,</span> <span class='ocrx_word' id='word_1_438' title='bbox 595 2747 788 2786; x_wconf 66' lang='lat' dir='ltr'>‘&#39;qnamdin</span> <span class='ocrx_word' id='word_1_439' title='bbox 814 2747 848 2775; x_wconf 92' lang='lat' dir='ltr'>in</span> <span class='ocrx_word' id='word_1_440' title='bbox 874 2746 1046 2785; x_wconf 76' lang='lat' dir='ltr'>obsequiis</span> <span class='ocrx_word' id='word_1_441' title='bbox 1066 2753 1098 2775; x_wconf 86' lang='lat' dir='ltr'>et</span> <span class='ocrx_word' id='word_1_442' title='bbox 1125 2746 1256 2775; x_wconf 84' lang='lat' dir='ltr'>familia</span> <span class='ocrx_word' id='word_1_443' title='bbox 1284 2746 1417 2775; x_wconf 71' lang='lat' dir='ltr'>Nobilis</span> <span class='ocrx_word' id='word_1_444' title='bbox 1442 2747 1526 2780; x_wconf 66' lang='lat' dir='ltr'>Viri,</span> <span class='ocrx_word' id='word_1_445' title='bbox 1546 2747 1682 2776; x_wconf 81' lang='lat' dir='ltr'>Domini</span> <span class='ocrx_word' id='word_1_446' title='bbox 1708 2748 1763 2776; x_wconf 80' lang='lat' dir='ltr'>Jo-</span> 
     </span>
     <span class='ocr_line' id='line_1_57' title="bbox 381 2789 1381 2829; baseline 0 -9"><span class='ocrx_word' id='word_1_447' title='bbox 381 2791 507 2821; x_wconf 87' lang='lat' dir='ltr'>hannis</span> <span class='ocrx_word' id='word_1_448' title='bbox 524 2791 565 2821; x_wconf 87' lang='lat' dir='ltr'>de</span> <span class='ocrx_word' id='word_1_449' title='bbox 584 2791 786 2829; x_wconf 66' lang='lat' dir='ltr'>Mountagu,</span> <span class='ocrx_word' id='word_1_450' title='bbox 806 2791 937 2825; x_wconf 77' lang='lat' dir='ltr'>Militis,</span> <span class='ocrx_word' id='word_1_451' title='bbox 955 2789 1122 2820; x_wconf 50' lang='lat' dir='ltr'>steteritf&#39;</span> <span class='ocrx_word' id='word_1_452' title='bbox 1143 2789 1253 2829; x_wconf 73' lang='lat' dir='ltr'>(same</span> <span class='ocrx_word' id='word_1_453' title='bbox 1271 2790 1381 2828; x_wconf 71' lang='lat' dir='ltr'>date).</span> 
     </span>
    </p>
   </div>
   <div class='ocr_carea' id='block_1_11' title="bbox 335 2844 1762 2941">
    <p class='ocr_par' dir='ltr' id='par_1_11' title="bbox 335 2844 1762 2941">
     <span class='ocr_line' id='line_1_58' title="bbox 335 2844 1116 2894; baseline -0.001 -13"><span class='ocrx_word' id='word_1_454' title='bbox 335 2844 785 2894; x_wconf 78' lang='lat' dir='ltr'>Soutlnnolton—High</span> <span class='ocrx_word' id='word_1_455' title='bbox 806 2844 1116 2893; x_wconf 63' lang='lat' dir='ltr'>Bit-kington,—</span> 
     </span>
     <span class='ocr_line' id='line_1_59' title="bbox 337 2899 1762 2941; baseline 0 -11"><span class='ocrx_word' id='word_1_456' title='bbox 337 2899 438 2938; x_wconf 87' lang='lat' dir='ltr'>Item,</span> <span class='ocrx_word' id='word_1_457' title='bbox 452 2900 592 2938; x_wconf 87' lang='lat' dir='ltr'>ibidem,</span> <span class='ocrx_word' id='word_1_458' title='bbox 610 2900 667 2941; x_wconf 80' lang='lat' dir='ltr'>xvj</span> <span class='ocrx_word' id='word_1_459' title='bbox 681 2900 735 2931; x_wconf 88' lang='lat' dir='ltr'>die</span> <span class='ocrx_word' id='word_1_460' title='bbox 753 2900 882 2930; x_wconf 87' lang='lat' dir='ltr'>mensis</span> <span class='ocrx_word' id='word_1_461' title='bbox 899 2899 1116 2938; x_wconf 73' lang='lat' dir='ltr'>Novembris,</span> <span class='ocrx_word' id='word_1_462' title='bbox 1130 2899 1305 2929; x_wconf 78' lang='lat' dir='ltr'>emanavit</span> <span class='ocrx_word' id='word_1_463' title='bbox 1325 2899 1531 2930; x_wconf 78' lang='lat' dir='ltr'>Commissio</span> <span class='ocrx_word' id='word_1_464' title='bbox 1543 2900 1674 2930; x_wconf 81' lang='lat' dir='ltr'>directa</span> <span class='ocrx_word' id='word_1_465' title='bbox 1695 2901 1762 2930; x_wconf 82' lang='lat' dir='ltr'>Ma-</span> 
     </span>
    </p>
   </div>
  </div>
 </body>
</html>
