1907 3212
193 424 269 450 A.D.

196 459 267 484 1392.

193 490 254 516 Vol.
270 491 292 516 1.

193 524 237 550 sol.
250 524 325 551 231b.

505 325 788 360 REGISTRUM
836 325 1290 360 COMMUNE-—ANNO
1329 316 1422 359 230.
1632 315 1722 359 741

347 428 458 459 nostri
478 429 596 460 debito
616 429 744 460 mentis
764 431 883 460 nostre
902 430 1019 460 oculos
1039 428 1195 469 cogimur
1214 429 1400 467 destinare,
1421 439 1461 460 ac
1486 429 1577 459 circa
1597 429 1631 459 id
1654 429 1728 458 dili-

347 473 443 512 genti
476 474 591 504 studio
622 476 657 504 et
689 474 862 505 studenda
892 473 1077 513 diligencia
1107 473 1251 513 vigilare
1282 473 1468 504 indefesse.
1516 473 1616 512 Sane,
1647 473 1730 503 lieet

347 517 462 547 clerici
480 518 537 557 qui
555 528 633 548 cum
652 518 763 549 unicis
780 520 814 548 et
831 518 1024 557 virginibus
1041 520 1300 555 contraxerunt,
1319 517 1346 548 si
1364 520 1543 547 tonsuram
1562 520 1597 547 et
1614 520 1730 547 vestes

348 561 509 591 deferant
531 562 717 600 clericales,
742 560 898 602 [vigore]
921 562 1071 592 Canonis
1094 562 1130 592 Si
1148 562 1232 600 quis,
1250 562 1410 591 suadente
1434 562 1576 599 diabolo,
1603 562 1646 591 ab
1673 562 1728 591 In-

348 606 513 636 nocencio
534 606 627 645 Papa
651 606 808 636 Secundo
831 606 915 636 editi
943 606 978 636 in
995 606 1151 636 favorem
1180 606 1292 636 tocius
1312 606 1451 637 Ordinis
1478 606 1666 643 Clericalis,
1696 609 1731 635 et

348 649 554 681 Parisiensis
568 651 723 688 Concilii,
737 661 803 690 quo
814 651 907 680 inter
923 657 1039 680 cetera
1055 652 1228 680 statutum
1245 650 1320 680 fore
1332 650 1524 680 dinoscitur
1537 651 1628 690 quod
1645 650 1731 679 nulli

349 694 474 731 clerici,
492 694 600 725 eciam
626 695 815 735 conjugati,
832 698 871 724 ut
893 704 982 724 nova
1003 695 1157 724 declarat
1178 694 1394 725 Constitucio
1415 694 1651 732 Bonifaeianzn
1670 705 1731 734 pro

350 739 545 769 commissis
570 739 613 768 ab
639 739 688 769 eis
716 739 913 769 excessibus
939 738 1099 778 distringi
1126 741 1187 768 aut
1213 738 1305 768 trahi
1331 739 1482 769 debeant
1509 741 1570 769 aut
1591 739 1731 768 valeant

349 782 578 813 criminaliter
597 786 657 813 aut
680 783 830 813 civiliter
852 783 895 813 ad
917 782 1086 822 judicium
1109 783 1274 820 seculare,
1297 783 1351 812 vel
1374 783 1418 812 ab
1440 783 1524 822 ipsis
1549 783 1731 813 Judicibus

351 826 572 857 Secularibus
596 827 853 867 condempnari,
877 826 1101 866 Privilegium
1124 827 1299 857 retineant
1321 827 1506 864 Clericale3
1535 827 1571 857 in
1595 827 1731 864 ceteris,

349 873 478 909 tamen,
499 871 659 902 omnibus
680 871 839 901 Clericali
862 871 1048 909 Privilegio
1073 881 1131 901 eos
1155 871 1230 901 sore
1251 871 1410 905 nudatos,
1434 882 1473 901 ac
1495 882 1515 901 a
1535 874 1615 901 cetu
1633 871 1730 901 cleri-

349 924 467 944 corum
492 925 634 954 prorsus
661 915 791 946 alienos
817 915 1010 945 Decretalis
1036 915 1157 945 edocet
1180 915 1336 955 Epistola
1353 916 1544 955 prelibata;
1573 916 1731 955 denique,

349 969 428 988 cum
457 960 525 989 duo
553 959 623 989 sint
652 962 790 989 tantum
817 969 946 997 genera
971 959 1260 997 Christianorum,
1278 960 1483 990 clericorum
1511 959 1673 990 videlicet
1697 962 1732 989 ct

348 1003 525 1041 laicorum,
555 1004 582 1034 si
614 1003 729 1034 clerici
758 1003 946 1043 conjugati,
979 1004 1182 1043 prescriptis
1213 1004 1348 1034 duobus
1380 1004 1517 1034 casibus
1548 1004 1732 1034 dumtaxat

349 1048 512 1086 exceptis,
530 1048 734 1078 clericorum
751 1059 820 1078 non
837 1047 997 1087 fulgeant
1017 1047 1156 1086 honore,
1175 1057 1233 1078 eos
1254 1047 1290 1078 in
1308 1048 1443 1086 ceteris,
1461 1048 1489 1078 si
1507 1048 1733 1079 Christicolas

349 1101 385 1121 se
401 1091 591 1127 fateantur,
609 1092 775 1122 laicorum
800 1092 977 1122 consoreio
998 1091 1074 1122 fore
1094 1092 1335 1131 aggregandos
1358 1092 1466 1122 infert
1483 1094 1731 1131 argumentum

348 1135 384 1165 in
414 1135 492 1176 jure
524 1135 755 1166 fortissimum
787 1146 872 1176 quos
903 1135 1061 1175 profecto
1093 1137 1218 1166 saltem
1250 1138 1289 1166 ut
1319 1136 1461 1167 Judices
1488 1136 1733 1168 Ecclesiastica

348 1179 491 1219 negocia
523 1182 685 1217 tractare,
717 1180 1042 1210 administraciones
1075 1180 1337 1211 Ecclesiasticas
1367 1180 1565 1217 admittere,
1597 1181 1733 1211 virosve

349 1223 611 1254 Ecclesiasticos
626 1225 792 1265 judicare,
810 1227 870 1254 aut
889 1224 1121 1255 Ecclesiarum
1140 1225 1297 1255 Prelatos
1314 1225 1356 1254 de
1373 1225 1527 1263 negociis
1545 1225 1732 1256 Ecclesias-

349 1267 437 1305 ticis,
464 1268 613 1298 maxime
639 1279 704 1308 que
731 1269 929 1308 spirituales
952 1279 1027 1299 esse
1058 1271 1260 1307 noscuntur,
1289 1269 1489 1299 eorumdem
1514 1269 1643 1310 judicio
1666 1270 1732 1300 dis-

348 1322 486 1351 ponere,
498 1313 697 1352 Apostolice
715 1313 813 1343 Sedis
831 1313 1050 1343 Auctoritatc
1067 1313 1248 1342 dumtaxat
1267 1316 1421 1353 excepta,
1438 1314 1639 1344 indecorum
1658 1314 1733 1344 fore

349 1366 388 1386 ac
413 1357 600 1396 reprobum
628 1358 753 1387 statuit
779 1368 880 1387 omne
911 1357 1085 1396 Scriptum
1112 1358 1240 1387 nedum
1273 1358 1497 1387 Summorum
1523 1358 1732 1388 Pontificum

350 1400 585 1431 Romanorum
611 1411 733 1431 verum
761 1401 871 1432 eciam
900 1401 1015 1440 Ipsius
1041 1401 1217 1431 Judicium
1240 1401 1412 1441 Principis
1445 1402 1618 1440 Polorum,
1650 1413 1733 1433 voce

348 1444 531 1475 intonante
549 1445 820 1485 Mosaica—Non
836 1445 948 1475 (trabis
968 1446 999 1474 in
1021 1446 1096 1475 bove
1113 1445 1215 1475 simul
1233 1449 1264 1475 et
1280 1446 1386 1484 asino,
1406 1457 1462 1476 nec
1477 1450 1591 1476 restem
1610 1447 1728 1477 indues

351 1488 420 1519 lino
444 1489 588 1527 lanaque
612 1492 808 1527 contemtum,
826 1490 875 1519 eis
899 1500 1024 1529 nempe
1045 1490 1277 1529 subsequendi
1302 1493 1421 1520 manet
1445 1491 1645 1529 necessitas,
1663 1502 1733 1521 non

348 1534 539 1564 auctoritas
553 1533 758 1573 imperandi.
801 1534 959 1572 Quidam,
974 1538 1102 1572 tamen,
1118 1536 1284 1571 vestrum,
1303 1538 1339 1564 ut
1355 1545 1395 1564 ex
1410 1536 1522 1565 relatu
1535 1536 1733 1575 accepimus

350 1578 589 1616 plurimorum,
607 1578 670 1608 hec
690 1589 759 1608 non
777 1578 1048 1616 considerantes,
1070 1579 1161 1617 quod
1180 1579 1340 1608 dolenter
1358 1579 1553 1617 referimus,
1567 1584 1733 1619 tanquam

350 1621 478 1660 ingrati
495 1624 530 1652 ct
550 1623 740 1660 degeneres
763 1622 889 1653 Sancte
914 1623 1036 1652 Matris
1059 1622 1129 1659 filii,
1156 1625 1194 1652 ut
1221 1623 1306 1662 pulli
1334 1623 1456 1662 viperii
1480 1624 1602 1654 Matris
1624 1625 1735 1654 latera

351 1667 583 1704 corrodentes,
600 1667 710 1706 ipsam
730 1667 895 1697 laicorum
920 1666 1097 1706 potestati,
1115 1667 1150 1696 in
1174 1670 1343 1706 quantum
1369 1667 1404 1697 in
1421 1668 1518 1698 vobis
1535 1673 1598 1706 est,
1617 1669 1733 1708 subju-

351 1714 484 1748 gantes,
514 1711 657 1741 clericos
685 1711 900 1751 conjugatos,
919 1711 1045 1741 nedum
1075 1711 1187 1741 unicis
1212 1714 1247 1741 et
1264 1711 1467 1749 virginibus,
1485 1723 1605 1742 verum
1623 1713 1733 1742 eciam

352 1754 480 1784 affeetu
505 1755 750 1785 concubinario
778 1765 798 1785 a
824 1766 860 1785 se
892 1758 926 1785 et
952 1755 995 1785 ab
1027 1755 1103 1785 aliis
1130 1758 1227 1784 extra
1259 1756 1522 1786 matrimonium
1551 1757 1734 1796 corruptis,

352 1799 657 1829 matrimonialiter
668 1800 856 1838 copulatos,
870 1800 913 1829 ad
926 1799 1180 1839 inquirendum,
1192 1799 1446 1838 corrigendum,
1460 1801 1734 1839 reformandum,

352 1845 385 1871 et
399 1843 623 1882 puniendum,
641 1854 710 1873 non
727 1844 839 1873 solum
857 1843 1023 1873 laicorum
1041 1846 1093 1873 set
1111 1843 1219 1873 eeiani
1235 1844 1559 1874 Ecclesiasticorum
1570 1846 1734 1882 virorum,

353 1886 550 1924 Rcctorum,
573 1887 802 1923 Vicariorum,
830 1887 1117 1925 Presbiterorum,
1140 1890 1402 1927 ceterorumque
1430 1889 1680 1927 Ministrorum,
1701 1892 1736 1919 et

354 1930 480 1961 Sancte
502 1931 624 1961 Matris
647 1931 800 1961 Ecclesie
817 1942 931 1961 mores
957 1934 992 1961 et
1018 1942 1188 1968 excessus,
1206 1935 1251 1969 et,
1270 1934 1308 1961 ut
1331 1932 1483 1962 breviter
1505 1934 1621 1963 onmia
1644 1944 1734 1964 com-

353 1975 620 2013 prehendamus,
637 1975 679 2004 ad
702 1975 924 2013 audiendum,
942 1976 1257 2011 determinant]um,
1276 1980 1311 2006 et
1331 1977 1591 2008 discuciendam
1618 1978 1735 2008 omnia

353 2021 388 2048 et
405 2019 542 2057 sins-sula
558 2029 623 2058 que
640 2019 927 2049 Jurisdiecionem
944 2024 1097 2050 vestram
1115 2020 1437 2051 Areliidiaconalem
1456 2021 1491 2051 in
1517 2021 1592 2052 foro
1620 2023 1735 2053 Eccle-

353 2063 493 2093 siastico
517 2066 551 2093 et
577 2063 748 2103 spirituali
765 2067 990 2101 concernunt,
1011 2074 1089 2094 cum
1115 2064 1329 2095 cohercionis
1355 2065 1527 2096 Canonice
1549 2066 1737 2106 cujuslibet

353 2111 539 2145 potestate,
568 2110 702 2138 vestros
727 2108 899 2138 Officiales
925 2108 1157 2139 constituistis
1186 2115 1219 2138 et
1247 2109 1511 2140 commissarios
1538 2110 1736 2148 Generales,

354 2151 513 2191 ipsosque
531 2151 566 2181 in
583 2152 695 2191 capud
711 2158 745 2182 et
763 2152 918 2191 regimen
935 2153 1094 2183 erexistis
1111 2163 1231 2182 eorum
1249 2158 1283 2183 et
1300 2163 1438 2192 preesse
1456 2154 1600 2192 fecistis,
1612 2155 1737 2195 quibus

355 2196 496 2225 subesse
520 2198 555 2225 et
579 2196 694 2235 capita
720 2196 926 2226 submittere
953 2197 1120 2226 humilter
1144 2197 1330 2234 deberent;
1359 2209 1426 2238 qua
1446 2209 1486 2228 ex
1511 2209 1547 2229 re
1574 2200 1737 2230 scandala

354 2242 567 2276 generantur
583 2242 617 2269 et
631 2241 790 2279 pululant
808 2241 841 2270 in
860 2241 970 2279 Clero,
989 2241 1129 2271 devocio
1146 2244 1352 2271 attenuatur
1363 2245 1397 2272 ct
1414 2243 1541 2273 arescit
1552 2243 1587 2273 in
1599 2245 1736 2284 populo,

351 2283 557 2314 Jurisdiccio
575 2284 817 2315 Ecclesiastiea
834 2285 1094 2324 contempnitur
1117 2289 1153 2315 ct
1178 2286 1332 2316 cluditur
1347 2286 1382 2316 in
1404 2287 1490 2325 foro,
1508 2287 1574 2318 nisi
1591 2288 1738 2318 celerius

355 2331 558 2358 occurratur
574 2328 709 2358 ruinam
726 2329 893 2367 pacietur,
911 2332 945 2359 et
964 2330 1136 2360 finetenus
1160 2329 1296 2369 peribit.
1343 2331 1512 2362 Nolentes
1530 2332 1602 2369 hec,
1620 2332 1738 2371 igitur,

355 2371 485 2403 crebris
510 2373 554 2402 ad
582 2383 644 2403 nos
675 2373 884 2403 clamoribus
914 2374 985 2414 jam
1020 2375 1164 2413 prolata,
1192 2375 1337 2405 ulterius
1367 2375 1430 2405 sub
1456 2375 1737 2407 dissimulacionc

356 2416 514 2453 transire,
526 2417 623 2447 vobis
634 2417 794 2447 omnibus
804 2421 838 2447 et
851 2418 1006 2455 singulis,
1020 2418 1055 2448 111
1066 2418 1196 2448 virtute
1209 2419 1335 2449 Sancte
1343 2419 1551 2451 Obcdiencie
1562 2431 1627 2460 qua
1640 2421 1739 2451 nobis

357 2460 523 2490 tenemini
548 2460 685 2491 vinculo
701 2461 891 2501 juramenti
908 2462 1053 2500 astricti,
1071 2462 1282 2502 precipimus
1299 2466 1333 2493 et
1352 2464 1558 2495 mandamus
1574 2465 1739 2504 quatinus

358 2514 427 2541 vos,
451 2507 485 2534 et
505 2505 649 2544 quilibet
671 2509 825 2536 vestrum
848 2506 905 2545 qui
934 2506 969 2536 in
998 2506 1176 2546 premissis
1200 2517 1297 2537 reum
1321 2518 1356 2537 se
1379 2509 1515 2539 noverit
1540 2512 1599 2539 aut
1623 2510 1738 2549 culpa-

357 2548 471 2587 bilem,
489 2549 625 2588 culpam
644 2552 678 2579 et
695 2553 831 2579 reatum
850 2550 1048 2590 hujusmodi
1071 2554 1300 2589 agnoscentes
1317 2555 1351 2581 et
1369 2562 1571 2591 agnoscens,
1596 2553 1739 2584 elericos

357 2593 572 2632 conjugatos,
589 2596 647 2623 aut
667 2593 829 2623 clericum
847 2595 1083 2635 conjugatum,
1103 2595 1274 2626 Officiales
1290 2606 1350 2626 seu
1368 2596 1568 2634 Officialem,
1587 2601 1621 2627 et
1639 2599 1738 2628 (lom-

357 2636 534 2667 missarios
547 2644 607 2667 aut
621 2637 907 2668 Commissarium
926 2639 1114 2669 Generales
1131 2650 1191 2669 3011
1209 2639 1472 2678 Gene1·alem,in
1486 2641 1738 2672 Jurisdieeione

357 2681 528 2719 spirituali
552 2691 613 2720 per
632 2692 691 2711 vos
714 2685 773 2711 aut
796 2682 945 2721 aliquem
972 2686 1127 2713 vestrum
1150 2684 1320 2713 hactenus
1344 2685 1555 2715 constitutos
1577 2696 1637 2715 seu
1659 2697 1738 2716 con-

357 2725 532 2758 stitutum,
550 2725 641 2755 infra
660 2735 766 2755 unmn
790 2736 944 2756 mensem
962 2737 979 2756 a
998 2730 1154 2767 tempore
1179 2728 1391 2767 recepeionis
1414 2729 1636 2760 Presencium
1660 2740 1738 2760 con-

357 2769 454 2798 tinue
470 2769 736 2807 numerandum,
753 2780 855 2809 quem
874 2781 935 2810 pro
952 2771 1101 2801 termino
1119 2772 1152 2801 in
1174 2772 1237 2801 hac
1260 2777 1359 2811 parte
1380 2774 1615 2813 peremptorio
1633 2775 1739 2813 vobis,

357 2817 392 2843 et
416 2813 557 2843 cuilibet
584 2818 749 2850 vestrum,
771 2818 890 2844 tenore
914 2815 1134 2845 Presencium
1156 2816 1359 2855 prefigimus
1383 2823 1417 2847 et
1442 2818 1672 2857 assignamus,
1697 2819 1740 2849 ab

358 2857 578 2887 Officialitate
596 2857 793 2898 hujusmodi
806 2860 840 2888 et
857 2858 932 2898 ejus
949 2859 1116 2890 exercicio
1133 2860 1272 2899 penitus
1288 2862 1507 2900 removeatis,
1519 2865 1553 2892 et
1564 2867 1741 2893 removeat

356 2901 502 2941 quilibet
518 2904 684 2940 vestrum,
709 2902 1065 2943 Commissionemque
1081 2907 1115 2934 ct
1133 2906 1346 2943 potestatem
1363 2905 1412 2936 eis
1430 2906 1482 2936 vel
1499 2907 1602 2937 alicui
1620 2917 1740 2938 eorum
