1907 3212
183 305 276 352 664

182 418 257 445 Α.[).

183 453 257 479 1388.

182 485 244 511 Vol.
264 488 287 513 1.

183 729 269 755 Nota.

181 1304 224 1330 sol.
241 1306 296 1330 le.

182 1481 321 1507 Excessus

179 1514 299 1541 Canoni-

179 1558 273 1574 corum

181 1581 321 1614 Episcopo

180 1616 329 1643 revelandi,

184 2235 270 2261 Nota.

182 2269 286 2294 Vicarii

183 2312 261 2334 pran-

181 2337 246 2361 dere

181 2370 284 2394 debent

182 2403 263 2428 simul

182 2436 207 2462 in
217 2437 289 2462 aula.

399 323 497 355 THE
534 322 773 356 REGISTER.
809 324 868 354 OF
905 323 1079 356 BISHOP
1116 317 1513 358 BRANTYNGHAM.

336 427 430 463 tune,
448 426 551 463 enim,
571 436 648 456 cum
667 436 736 456 non
753 426 915 456 voluntas
933 428 985 456 set
1002 426 1203 465 necessitas,
1228 427 1282 458 vel
1307 428 1430 459 saltem
1448 428 1585 459 utilitas
1602 427 1730 458 ibidem

335 479 508 508 expressa,
527 470 678 509 aliquem
696 470 739 500 ab
757 470 997 501 interessendo
1014 471 1209 509 retraxerit,
1228 482 1295 502 non
1314 476 1366 502 est
1382 472 1451 512 juri
1463 483 1524 504 seu
1540 482 1731 503 consonum

334 513 467 543 racioni
484 516 627 553 propter
644 514 678 544 id
696 514 870 553 stipendio
885 515 986 545 solito
1003 525 1080 545 eum
1095 515 1235 554 privari.
1285 516 1384 553 Sane,
1399 517 1481 546 dum
1495 517 1622 547 Divina
1632 526 1728 556 pera-

336 560 468 595 guntur
496 558 626 590 Officia.
656 558 848 589 Canonicos
877 562 1078 598 ceterosque
1102 559 1211 598 ipsius
1230 560 1382 590 Ecclesie
1400 561 1588 600 Ministros,
1605 561 1640 590 in
1654 560 1729 600 ipsa

339 604 517 639 presentes
551 602 716 640 Ecclesia,
749 613 811 633 sua
845 603 881 632 in
914 603 1036 642 seipsis
1068 604 1250 634 ostendere
1283 604 1434 643 insignia
1465 605 1601 636 cunetis
1632 608 1729 644 patet

338 645 467 684 liquido
484 656 558 676 esse
576 647 713 677 decens.
762 647 873 685 Unde,
891 657 932 677 ex
950 647 1014 677 hoe
1031 647 1127 684 moti,
1141 648 1407 679 Predecessores
1419 649 1530 680 nostri
1544 649 1731 680 salubriter

337 693 537 720 statuerunt
556 701 598 721 ne
616 691 692 730 quis
710 691 801 721 dicte
820 691 972 722 Ecclesie
991 691 1197 723 Canonicus.
1211 692 1382 731 Vicarius,
1396 695 1456 723 aut
1468 693 1628 723 Minister
1640 693 1728 723 alius

337 744 357 763 a
384 734 584 773 pulsacionc
613 736 657 765 ad
686 736 829 765 Missam
858 736 964 766 Beate
991 736 1147 775 Virginis
1163 736 1198 766 in
1217 736 1310 766 dicta
1327 736 1491 775 Ecclesia,
1509 747 1549 767 ac
1566 737 1729 777 deinceps

339 778 443 808 Chori
461 779 632 808 ambitum
650 779 753 809 aliter
769 780 915 818 ingredi,
929 780 1031 810 autin
1048 791 1088 810 eo
1101 780 1260 810 incedere
1272 781 1326 811 vel
1344 781 1481 819 morari,
1498 784 1559 811 aut
1577 781 1728 812 Chorum

338 822 451 861 ipsum
471 823 553 853 dum
572 824 699 853 Divina
716 824 881 854 dicuntur
906 824 1026 855 Officia
1050 824 1185 863 ingredi
1210 828 1436 863 presumeret,
1460 825 1527 856 nisi
1551 825 1587 855 in
1607 825 1729 856 habitu

338 867 539 906 hujusmodi
567 878 634 907 quo
663 868 713 897 uti
742 875 823 898 sunt
850 869 943 898 soliti
972 869 1108 898 Divinis
1133 869 1262 899 Officiis
1289 869 1503 900 assistentes.
1551 870 1728 908 Volentes,

338 911 456 949 igitur,
476 912 765 942 Predecessorum
782 916 982 943 nostrorum
998 913 1148 950 Statuta,
1163 913 1212 943 sic
1229 913 1489 943 racionabiliter
1505 913 1622 953 sicque
1639 914 1727 944 salu-

337 955 446 985 briter
474 956 578 989 cdita,
608 956 720 986 modis
749 957 909 987 omnibus
935 957 1183 987 inviolabiliter
1208 957 1395 995 observari,
1423 958 1646 997 precipimus,
1678 958 1727 988 111-

335 999 525 1039 jungimus,
553 1003 587 1030 et
613 1001 820 1031 mandamus
846 1001 937 1040 quod
964 1002 1081 1032 cuncti
1107 1001 1198 1031 dicte
1218 1002 1369 1032 Ecclesie
1395 1002 1570 1040 Canonici,
1587 1002 1728 1041 Vicarii,

336 1046 369 1073 ct
389 1044 495 1074 ceteri
513 1045 671 1084 ejusdcm
690 1045 844 1075 Ecclesie
864 1046 1026 1083 Ministri,
1051 1046 1085 1075 in
1113 1056 1174 1076 suo
1198 1046 1398 1085 hujusmodi
1423 1046 1546 1076 habitu
1562 1046 1727 1077 incedant

336 1089 470 1126 amodo,
500 1088 600 1128 juxta
634 1089 783 1119 formam
813 1089 885 1128 jam
917 1090 1074 1129 proximo
1106 1092 1344 1129 pretaxatam,
1378 1091 1601 1129 contrarium,
1634 1101 1726 1128 vero,

336 1132 505 1163 facientes
533 1143 659 1172 penam
688 1133 723 1162 in
751 1134 891 1164 Statuto
915 1134 998 1164 dicti
1027 1134 1282 1164 Predeeessoris
1298 1134 1409 1164 nostri
1426 1134 1461 1164 in
1479 1135 1543 1165 hac
1559 1138 1658 1174 parte
1676 1135 1725 1165 in-

336 1176 465 1207 flictam
482 1177 659 1207 incurrere
676 1178 835 1207 volumus
852 1180 885 1208 et
904 1178 1133 1216 decernimus,
1158 1178 1232 1217 ipso
1256 1178 1592 1213 fact‹›.—C1‹:TER[’M,
1610 1179 1689 1218 quia
1707 1190 1727 1209 a

335 1221 428 1251 dicta
445 1224 565 1251 nostra
584 1221 748 1253 Ecclesia.
766 1227 909 1261 propter
926 1223 1174 1261 occupaciones
1192 1223 1306 1253 varias
1330 1226 1364 1253 et
1390 1233 1495 1253 onera
1519 1223 1726 1262 multiplicia

336 1265 444 1302 nobis,
468 1266 578 1295 Officii
604 1266 714 1296 nostri
740 1267 929 1296 Pastoralis
953 1267 1094 1305 intuitu,
1112 1267 1363 1305 incumbencia,
1381 1268 1583 1307 frequenter
1599 1267 1727 1298 accidit

334 1320 397 1339 nos
413 1310 544 1348 abesse,
562 1310 782 1349 precipimus,
800 1311 1027 1351 injungimus,
1046 1317 1080 1341 et
1105 1312 1312 1341 mandamus
1329 1311 1419 1342 dicte
1437 1314 1554 1342 nostre
1573 1311 1726 1342 Ecclesie
1760 1312 1763 1315 ’

336 1354 485 1387 Decano.
515 1364 575 1384 seu
603 1355 796 1385 Presidenti
824 1356 974 1394 Capituli
1000 1355 1057 1395 qui
1082 1366 1143 1394 pro
1160 1361 1316 1395 tempore
1334 1356 1452 1393 fuerit,
1469 1356 1559 1395 quod
1578 1356 1724 1386 Canoni-

335 1408 452 1428 corum
472 1398 520 1429 sic
536 1399 816 1438 delinquencium
841 1409 1012 1437 excessus,
1030 1400 1096 1439 qui,
1115 1403 1310 1430 ceterorum
1327 1400 1418 1430 dicte
1438 1399 1590 1430 Ecclesie
1608 1400 1725 1430 Minis-

335 1446 467 1472 trorum
500 1443 725 1473 multitudine
752 1450 992 1482 cognoscente,
1019 1444 1144 1474 occulti
1171 1444 1237 1473 dici
1266 1454 1325 1474 seu
1353 1454 1427 1474 esse
1453 1455 1522 1473 non
1549 1448 1724 1483 poterunt,

335 1487 434 1516 nobis
469 1493 503 1517 ct
543 1487 808 1517 Successoribus
843 1488 973 1518 nostris
1012 1489 1160 1518 fideliter
1191 1487 1322 1518 referat
1350 1490 1385 1518 et
1416 1489 1557 1525 revelet,
1590 1498 1632 1518 ne
1666 1489 1722 1518 ho-

333 1534 451 1561 nestas
479 1531 642 1568 Ecclesic‚
668 1541 688 1561 a
715 1532 852 1562 Sanctis
878 1532 1040 1562 Patribus
1060 1532 1248 1562 salubriter
1270 1532 1469 1570 adinventa,
1494 1533 1723 1572 quorumdam

334 1575 542 1611 insolenciis,
574 1575 609 1604 in
643 1575 766 1605 Divino
806 1576 1011 1616 Magestatis
1042 1577 1210 1606 offensam
1248 1587 1317 1606 11011
1349 1577 1521 1607 modicam
1554 1577 1722 1616 ipsorum-

335 1630 400 1658 que
432 1630 472 1649 ac
500 1620 646 1649 aliorum
679 1620 892 1657 scandalum,
929 1621 1293 1658 evanescat—ITEM,
1326 1631 1403 1651 cum
1441 1621 1485 1650 ad
1517 1621 1722 1651 Cancellarii

335 1664 427 1693 dicte
460 1666 577 1694 nostre
606 1664 769 1702 Ecclesie,
799 1665 840 1694 de
869 1665 1012 1703 antiqua
1040 1665 1197 1704 ejusdem
1227 1665 1486 1695 Consuetudine
1515 1668 1648 1704 spectet
1673 1665 1722 1695 of-

336 1708 452 1737 ficium
482 1708 616 1738 Literas
647 1708 807 1738 missivas
840 1719 899 1747 pro
932 1709 1084 1745 negociis
1115 1709 1358 1739 communibus
1395 1709 1605 1748 exequendis
1644 1720 1722 1739 con-

334 1752 459 1791 cipere,
492 1763 531 1782 ac
564 1763 678 1782 coram
716 1753 787 1783 suis
819 1753 1004 1783 Canonicis
1032 1756 1065 1783 ct
1098 1753 1343 1783 Confratribus
1376 1753 1618 1792 capitulariter
1645 1764 1722 1784 con-

334 1796 490 1835 gregatis
533 1797 647 1836 legere
691 1797 738 1826 sic
779 1803 975 1836 conceptas.
1018 1797 1228 1836 precipimus
1268 1805 1303 1827 et
1344 1798 1551 1827 mandamus
1583 1797 1723 1828 Cancel-

335 1841 420 1870 lario
445 1841 621 1873 moderno,
654 1847 688 1871 ct
720 1841 839 1871 futuro
871 1842 929 1871 alii
963 1842 1178 1881 cuicumque,
1209 1842 1374 1881 quatinus
1401 1852 1488 1872 onus
1512 1842 1723 1882 hujusmodi,

337 1885 501 1923 quociens
526 1896 613 1924 opus
638 1886 755 1923 fucrit,
773 1896 841 1915 non
868 1886 1008 1915 differat
1033 1891 1256 1925 supportarc;
1281 1886 1350 1926 juri
1373 1896 1522 1925 namque
1539 1890 1573 1916 et
1590 1886 1721 1917 racioni

338 1929 532 1959 dinoscitur
564 1940 638 1959 esse
671 1940 861 1959 consonum
891 1931 1103 1960 Beneficium
1130 1930 1269 1969 aliquod
1294 1930 1483 1969 quemlibet
1522 1933 1721 1961 assecutum

338 1983 527 2010 agnoscere
551 1984 637 2003 onus
660 1974 772 2004 cidem
799 1985 984 2004 annexum.
1001 1975 1132 2009 when,
1160 1975 1239 2014 quia
1268 1974 1359 2004 viros
1388 1974 1660 2012 Ecclesiasticos,
1687 1978 1722 2004 et

338 2018 501 2056 precipue
520 2018 554 2047 in
573 2018 842 2048 Cathedralibus
860 2022 893 2048 et
913 2019 1115 2056 Collegiatis
1140 2019 1305 2048 Ecclesiis
1329 2019 1525 2056 collocatos,
1544 2029 1605 2057 per
1629 2019 1722 2049 vicos

338 2072 405 2091 11011
424 2062 523 2092 decet
549 2062 742 2092 discurrere
767 2073 826 2092 seu
844 2063 973 2100 vagari,
992 2073 1055 2092 nec
1080 2063 1247 2093 laicorum
1272 2062 1436 2101 hospicia,
1461 2063 1645 2102 presertim
1664 2063 1722 2092 ubi

338 2106 501 2136 mulieres
526 2106 698 2144 habitant,
717 2117 759 2136 ne
778 2117 843 2145 qua
863 2107 996 2137 oriatur
1021 2107 1162 2137 sinistra
1185 2107 1344 2146 suspicio,
1362 2107 1596 2146 frequentare,
1613 2107 1720 2146 preci-

338 2150 462 2188 pimus,
480 2150 707 2189 injungimus,
726 2154 760 2180 ct
778 2151 995 2189 mandamus,
1013 2151 1047 2180 in
1066 2151 1196 2181 virtute
1220 2151 1428 2181 Obediencie
1445 2153 1481 2181 et
1498 2151 1561 2181 sub
1580 2151 1723 2191 Majoris

339 2194 721 2225 Excon‘inmnicacionis
747 2205 845 2233 1101111,
871 2196 1034 2234 quatinus
1063 2205 1183 2225 omnes
1208 2198 1242 2225 et
1268 2195 1395 2234 singuli
1420 2195 1549 2225 Vicarii
1573 2195 1607 2224 in
1633 2195 1723 2225 Aula

339 2239 525 2271 communi,
544 2249 605 2277 1101·
621 2249 683 2268 nos
708 2239 845 2269 noviter
869 2242 1079 2277 constructa,
1099 2239 1200 2269 simul
1226 2239 1421 2278 prandeant
1445 2242 1549 2278 atquc
1574 2242 1720 2275 ccnent;

340 2282 488 2312 Vicariis
513 2283 779 2320 (fanonicornm,
798 2284 879 2313 dum
900 2283 1059 2322 Magistri
1083 2284 1135 2313 sui
1160 2284 1313 2313 resident
1339 2283 1506 2322 speciales
1529 2293 1654 2322 eosque
1678 2283 1722 2312 ad

341 2326 587 2365 magistrorum
607 2337 746 2356 snorum
766 2338 923 2357 mensam
942 2328 1060 2357 sedere
1079 2328 1276 2367 contigerit,
1290 2338 1330 2357 ac
1346 2327 1413 2358 hiis
1429 2327 1486 2366 qui
1505 2327 1547 2357 ad
1564 2337 1721 2357 mensam

339 2370 486 2409 alicujus
513 2371 687 2405 (fanonici,
706 2371 813 2401 eciam
840 2382 906 2401 non
935 2372 987 2401 sui
1017 2372 1182 2411 Magistri,
1208 2371 1341 2401 fuerint
1366 2371 1514 2409 invitati,
1539 2371 1721 2401 dumtaxat

340 2415 509 2454 cxceptis3
535 2415 599 2445 nisi
618 2416 709 2445 forte
729 2416 878 2454 ipsorum
894 2416 1091 2455 quempiam
1110 2427 1130 2445 a
1146 2426 1293 2454 persona
1309 2416 1425 2455 aliqua
1442 2415 1597 2453 honesta,
1611 2415 1720 2446 eciam

339 2462 437 2488 extra
456 2460 620 2489 Clausum
641 2459 804 2497 Ecclesic,
823 2460 946 2489 fraude
964 2463 997 2489 et
1016 2460 1241 2490 simulacione
1266 2459 1539 2499 quibuscumque
1556 2459 1720 2490 cessanti-

341 2503 413 2540 bus,
441 2503 628 2541 contigerit
654 2504 807 2533 invitari.
868 2504 968 2541 ITEM,
994 2505 1156 2543 quoniam
1189 2503 1342 2534 facilitas
1366 2503 1465 2533 venie
1497 2503 1721 2543 delinquendi

339 2547 461 2576 tribuit
488 2547 713 2581 incentivum,
733 2558 795 2577 nec
812 2548 1028 2586 pertimescit
1045 2548 1121 2587 quis
1146 2558 1269 2587 penam
1297 2558 1400 2587 quam
1418 2558 1437 2577 a
1456 2547 1638 2586 Superiore
1656 2547 1719 2577 sibi

337 2591 473 2621 noverit
499 2592 540 2621 de
565 2591 660 2621 facili
686 2592 946 2625 remittendam,
972 2592 1192 2631 precipimus,
1218 2591 1444 2631 injungimus,
1462 2594 1497 2621 et
1514 2591 1720 2621 mandamus

336 2635 501 2673 quatinus
520 2635 611 2665 (11010
637 2641 755 2665 nostre
782 2636 934 2665 Eec1esie
960 2637 1129 2674 Decanus,
1149 2646 1188 2666 ac
1206 2636 1390 2665 Presidens
1415 2635 1566 2674 Capituli
1583 2635 1640 2674 qui
1657 2645 1719 2673 pro

336 2685 493 2717 tempore
518 2679 635 2715 fucrit,
663 2680 969 2718 transgressiones,
994 2681 1210 2717 insolencias,
1239 2686 1273 2709 et
1302 2689 1462 2710 excessus
1490 2679 1718 2715 Vicariorum,

337 2723 655 2758 Annucllariornm,
683 2730 946 2763 (ἓως-1010111000
979 2724 1135 2763 ejusdcm
1160 2726 1278 2753 nostre
1306 2723 1457 2753 Ecclesie
1479 2723 1718 2752 Ministrorum

337 2767 501 2798 omnium.
520 2768 611 2797 circa
632 2768 793 2797 Divinum
822 2768 1037 2806 Officium-11(-
1055 2769 1121 2798 alia
1139 2769 1249 2807 ipsam
1270 2767 1459 2797 Ecclesiam
1476 2766 1719 2805 contingencia

336 2820 414 2839 011111
444 2811 614 2849 0111111010,
641 2812 673 2840 in
704 2812 793 2841 Loco
822 2812 1025 2851 Capitnlari,
1049 2812 1149 2851 juxta
1179 2812 1317 2841 Statuta
1343 2811 1427 2841 dicti
1460 2810 1718 2840 Predecessoris

337 2855 445 2883 nostri
465 2865 567 2893 super
585 2855 648 2883 11οι-
673 2855 777 2888 edita,
797 2856 912 2886 debite
938 2856 1091 2895 corrigat
1108 2859 1143 2886 et
1165 2855 1342 2891 reformet,
1361 2864 1401 2885 ac
1426 2854 1544 2884 taliter
1559 2854 1595 2883 in
1619 2854 1718 2893 penis

336 2908 397 2936 per
414 2899 534 2928 eadem
563 2900 703 2929 Statum
720 2910 781 2939 1110
800 2900 980 2929 demeritis
997 2910 1117 2930 eorum
1142 2899 1283 2929 inflictis
1301 2909 1336 2929 se
1354 2898 1480 2929 habeat
1496 2901 1599 2938 atque
1617 2900 1717 2937 gerat
