1907 3212
171 288 264 333 674

169 400 202 423 X.
212 398 244 423 D.

169 432 240 457 1388

168 464 230 491 Vol.
248 465 271 490 1

391 301 489 332 THE
525 300 764 333 REGISTER
799 300 858 332 OF
893 299 1070 333 BISHOP
1105 299 1502 334 BRANTYNGHAM.

325 401 496 439 Licencia,
512 404 552 431 ut
570 411 684 441 supra,
702 401 793 441 quod
810 401 957 441 singulis
974 401 1082 432 sextis
1097 401 1206 441 feriis,
1230 412 1293 442 per
1316 412 1457 441 annum,
1481 401 1657 433 abstineat
1673 408 1710 430 se

325 455 345 475 a
372 445 535 484 piscibus,
561 448 597 476 et
623 446 714 485 quod
741 446 917 476 abstineat
940 456 976 476 se
1004 456 1025 476 a
1052 446 1287 477 celebracione
1312 447 1517 477 Divinorum
1534 453 1711 485 quousque

324 488 433 519 fuerit
459 499 576 519 secum
605 500 667 529 per
691 489 815 520 Sedem
842 490 1091 530 Apostolicam,
1117 490 1172 521 vel
1195 490 1351 531 ejusdem
1368 490 1626 527 auctoritatem,
1643 488 1710 518 dis-

323 536 508 572 pensatum
527 543 634 583 super
647 534 905 573 iriwegulaiitate
929 534 1136 565 celebiando
1160 535 1287 565 Divina
1301 537 1381 574 post
1406 534 1628 565 Sentenciam
1645 532 1710 563 Ex-

325 578 654 608 communicacionis
666 578 703 608 in
719 588 798 608 eum
809 579 917 609 latam
931 589 951 609 a
968 578 1232 609 Constitucione
1244 579 1276 610 J
1291 578 1498 616 Stratforde,
1510 588 1574 618 que
1588 576 1712 616 incipit

324 621 488 651 Humana
516 621 869 661 0011cupisce⁷zcia‚et
893 633 996 662 supe1
1020 622 1253 662 Suspensione
1269 633 1331 663 per
1347 623 1547 660 triennium,
1565 620 1712 652 auctori-

324 667 397 695 tate
423 665 575 697 Canonis
595 666 679 697 Cum
703 666 881 705 Inhibicio,
906 667 942 696 in
958 677 1038 697 eum
1055 667 1165 697 eciam
1182 667 1265 697 lata.
1311 666 1537 698 Presentibus
1553 665 1712 696 Johanne

326 709 421 759 Moie
439 712 474 740 et
490 709 650 741 Johanne
677 710 901 750 Rothewelle,
919 711 1064 750 clericis,
1090 710 1296 742 Exoniensis
1319 713 1355 742 et
1379 709 1609 742 Eboracensis
1633 709 1712 740 Dio-

323 763 466 785 cesium.

278 805 481 853 Crediton,
496 807 566 845 the
582 807 800 870 Collegiate
814 808 974 846 Church
990 808 1032 846 of
1044 821 1054 855 ;
1075 809 1287 857 Inquisicio
1306 822 1418 856 super
1435 808 1715 869 desecamus,—

1123 864 1350 871 .....

325 906 459 937 centori
487 907 641 938 Ecclesie
663 910 781 938 nostre
809 907 999 948 Collegiate
1028 908 1154 939 Sancte
1180 908 1302 939 Crucis
1326 907 1528 946 Criditonie,
1554 906 1713 944 salutem,

325 951 526 982 etc.—Cu1n
551 951 782 983 Beneficiatos
807 954 925 983 nostre
953 952 1108 984 Diocesis
1135 962 1369 992 quoscumque
1393 952 1476 982 dum
1500 950 1662 988 vixerint,
1680 952 1716 980 et

325 997 404 1034 post
420 995 575 1035 ipsorum
592 998 741 1026 mortem
756 996 967 1027 Executores
980 1007 1070 1035 suos,
1082 997 1125 1027 ad
1138 997 1363 1027 reficiendum
1376 996 1534 1027 defectus
1546 995 1583 1026 in
1595 994 1714 1034 hujus-

325 1039 419 1069 modi
438 1039 631 1078 Beneficiis‚
649 1050 710 1070 seu
721 1050 841 1071 eorum
853 1041 1013 1071 domibus
1024 1043 1059 1071 et
1072 1041 1252 1079 clausuris
1266 1050 1308 1071 ex
1325 1040 1445 1071 Officio
1461 1042 1581 1070 nostro
1597 1038 1715 1069 debito

326 1083 532 1122 compellere
561 1086 763 1122 teneamur;
791 1085 835 1115 ad
860 1087 1088 1125 nostrumque
1111 1095 1224 1125 nuper
1250 1085 1410 1125 pervenit
1437 1084 1596 1114 auditum
1624 1082 1715 1123 quod

325 1128 549 1167 quamplures
573 1128 732 1159 defectus
756 1129 792 1159 in
816 1129 976 1160 domibus
992 1131 1027 1159 et
1044 1129 1212 1160 clausuris
1235 1128 1382 1169 hospicii
1407 1127 1567 1168 Magistri
1590 1125 1716 1166 Rogeri

327 1171 434 1211 Payn,
460 1172 626 1203 Canonici
653 1175 690 1203 et
716 1172 942 1203 Prebendarii
966 1173 1145 1204 Prebende
1170 1173 1212 1204 de
1238 1173 1347 1204 Cruce
1371 1172 1408 1203 in
1425 1171 1581 1203 Ecclesia
1595 1173 1717 1202 nostra

329 1215 523 1255 Collegiata
546 1217 715 1256 predicta,
739 1217 911 1257 rebusque
935 1217 1012 1248 aliis
1036 1217 1081 1248 ad
1105 1217 1217 1248 dictos
1243 1217 1496 1247 Canonicatum
1512 1217 1548 1247 et
1565 1215 1714 1246 Preben-

329 1259 409 1289 dam
426 1261 695 1299 pertinentibus,
712 1261 848 1292 notorie
865 1261 1000 1292 invenit
1023 1261 1247 1301 reparacione
1265 1261 1383 1292 debita
1398 1263 1434 1291 et
1449 1259 1648 1291 necessaria
1663 1258 1714 1289 in-

330 1303 500 1343 digentes,
518 1315 604 1345 quos
621 1305 789 1344 Magister
800 1305 957 1345 Rogerus
983 1306 1214 1345 Boghemour‚
1232 1305 1315 1336 dum
1331 1305 1420 1335 vixit
1435 1303 1638 1335 eorumdem
1653 1302 1715 1333 Ca-

329 1348 512 1379 nonicatus
530 1351 566 1379 et
582 1349 762 1380 Prebende
781 1349 977 1381 Canonicus
993 1352 1029 1380 et
1045 1350 1310 1387 Prebenda-rius,
1328 1349 1472 1387 dimisit,
1490 1348 1562 1379 suis
1580 1350 1713 1386 tempo-

330 1392 437 1431 ribus,
455 1403 517 1432 per
533 1393 643 1432 ipsius
660 1393 831 1424 incuriam
848 1396 884 1424 et
900 1394 1161 1434 necligenciam,
1178 1396 1218 1424 ut
1235 1393 1372 1431 dicitur,
1389 1393 1613 1430 incorrectos,
1627 1393 1692 1422 etc
1706 1405 1714 1429 ;

330 1436 439 1474 vobis,
471 1438 705 1468 communiter
730 1440 765 1468 et
793 1438 943 1476 divisim,
972 1438 1225 1469 committimus
1249 1442 1285 1468 et
1312 1437 1520 1468 mandamus
1541 1435 1716 1476 quatinus,

329 1481 463 1511 vocatis
488 1481 533 1511 ad
556 1481 620 1512 hec
638 1481 892 1512 Executoribus
909 1463 992 1512 dicti
1010 1482 1167 1513 defuncti
1191 1482 1431 1522 personaliter,
1457 1481 1485 1511 si
1511 1480 1560 1511 sic
1576 1479 1717 1510 valeant

330 1525 555 1564 apprehendi,
570 1525 725 1565 alioquin
748 1526 1014 1557 Procuratmem
1035 1536 1147 1565 suum,
1164 1528 1230 1557 etc.
1250 1523 1303 1566 (in
1321 1526 1375 1556 the
1391 1534 1541 1556 common
1552 1520 1716 1563 form).—

331 1568 447 1599 Dated
464 1571 501 1599 at
519 1569 725 1609 Chudleigh,
744 1570 786 1600 19
804 1570 898 1610 Sept.

285 1621 544 1672 Ringmore¹;
578 1625 929 1672 Testamentary,—-

178 1675 264 1700 Nota.
288 1676 390 1715 Item,
409 1678 579 1709 Dominus
596 1678 789 1709 Willelmus
815 1679 966 1718 Ferrers,
985 1679 1112 1710 Rector
1136 1679 1290 1711 Ecclesie
1314 1677 1528 1710 Parochialis
1545 1677 1587 1707 de
1605 1676 1717 1717 Ryde-

181 1851 226 1877 sol.
244 1852 300 1877 193.

333 1732 439 1760 more,
452 1722 601 1753 decessit
615 1723 672 1752 xix
684 1723 739 1753 die
752 1723 883 1754 mensis
901 1723 1126 1763 Septembris,
1139 1724 1236 1763 A.D.,
1250 1726 1315 1755 etc.
1332 1722 1503 1763 lxxxviijo.
1541 1721 1720 1752 Johannes

338 1765 489 1804 Ferrers,
512 1766 624 1797 frater
648 1766 817 1805 defuncti,
835 1770 870 1798 et
886 1768 1064 1799 Johannes
1088 1768 1299 1806 Prestecote,
1318 1768 1376 1808 qui
1400 1766 1499 1797 duxit
1523 1765 1559 1796 in
1575 1774 1719 1795 uxorem

336 1819 488 1840 sororem
514 1811 671 1851 ejusdem
697 1811 866 1850 defuncti,
890 1812 1087 1852 comparuit
1111 1822 1227 1843 coram
1253 1813 1422 1852 Magistro
1435 1811 1486 1841 W.
1504 1810 1612 1847 Piers,
1630 1808 1718 1839 Can-

338 1854 478 1884 cellario
496 1858 531 1885 et
549 1854 797 1886 Commissario
814 1856 964 1894 Domini,
982 1859 1058 1895 etc,
1071 1857 1163 1896 apud
1181 1856 1438 1896 Chuddeleghe,
1451 1857 1486 1885 et
1501 1853 1610 1894 jurati
1626 1852 1719 1884 exhi-

337 1897 489 1929 buerunt
513 1899 756 1930 Inventarium
778 1900 819 1930 de
844 1901 1005 1931 omnibus
1029 1903 1064 1931 et
1089 1901 1235 1940 singulis
1259 1901 1359 1932 bonis
1383 1899 1467 1930 dicti
1491 1897 1660 1936 defuncti,
1677 1896 1721 1927 ad

338 1951 511 1973 summam
536 1944 669 1984 xxxijli.
687 1944 739 1984 ijs.
757 1944 840 1984 vijd.
858 1945 917 1983 ob.‚
935 1955 1015 1975 cum
1039 1945 1295 1985 protestacione
1319 1943 1469 1975 addendi
1493 1942 1548 1973 vel
1572 1941 1720 1972 diminu-

338 1987 428 2024 endi,
446 1990 511 2018 etc.
552 1987 598 2018 Et
614 1988 745 2018 habent
762 1988 853 2019 diem
871 1989 915 2019 ad
932 1989 997 2019 hoo
1014 1989 1103 2020 citra
1120 1989 1263 2020 Festum
1282 1989 1408 2019 Sancte
1425 1987 1529 2018 Lucie
1544 2001 1551 2024 ;
1575 1987 1611 2017 et
1627 1985 1721 2026 ipsis,

336 2029 372 2060 in
389 2030 503 2061 forma
519 2031 607 2071 juris
623 2032 760 2073 juratis,
779 2033 965 2063 commissa
981 2036 1035 2063 est
1051 2033 1324 2064 Administracio
1340 2033 1521 2063 bonorum.

293 2083 663 2134 Chittlehampton,
656 2099 662 2106 ·
695 2087 845 2123 Licence
866 2093 901 2124 to
921 2088 1161 2132 celebrate,—

295 2138 398 2177 Item,
415 2150 458 2169 xx
476 2140 530 2170 die
547 2140 678 2171 mensis
704 2140 930 2180 Septembris,
956 2142 1048 2181 apud
1074 2142 1332 2181 Chuddeleghe,
1357 2140 1527 2172 Dominus
1551 2137 1723 2170 concessit

342 2183 379 2212 L
372 2184 539 2214 leenciam
556 2184 708 2215 Johanni
727 2185 965 2225 Brytheleghe
982 2188 1017 2216 et
1034 2186 1164 2226 Agneti
1188 2186 1264 2227 ejus
1288 2186 1396 2223 uxori,
1414 2184 1504 2224 quod
1520 2184 1655 2224 possint
1671 2182 1721 2212 fa-

342 2237 418 2257 cere
436 2228 603 2258 celebraii
621 2229 757 2267 Divina,
776 2225 986 2269 sumptibus
990 2230 1071 2268 suis,
1088 2234 1165 2268 etc.‚
1182 2231 1217 2260 in
1236 2230 1378 2270 Capella
1402 2229 1529 2259 Sancte
1546 2227 1723 2265 Katerine,

342 2270 435 2301 infra
452 2272 667 2303 Mansionem
680 2283 778 2303 suam
793 2274 834 2304 de
852 2274 1098 2314 Brytheleghe,
1115 2275 1151 2304 in
1169 2275 1237 2305 Pa1
1239 2274 1338 2305 ochia
1353 2274 1395 2304 de
1412 2272 1725 2311 Chetelhamptone

343 2315 528 2352 situatam;
554 2327 633 2346 cum
651 2317 1033 2357 clausula—Volumus,
1051 2321 1180 2357 autem,
1197 2322 1262 2349 etc.
1309 2317 1536 2349 Presentibus
1555 2316 1600 2347 ad
1622 2315 1724 2346 bene-

342 2359 509 2398 placitum
528 2361 668 2390 Domini
685 2362 928 2393 tantummodo
946 2362 1133 2394 duraturis.

297 2411 514 2461 Plympton
536 2413 674 2463 Priory
691 2427 701 2461 3
731 2415 1098 2464 Acknowledyement
1117 2417 1165 2463 of
1177 2414 1318 2453 certain
1340 2416 1509 2460 debis,—

300 2467 462 2506 Thomas‚
478 2470 554 2506 eto,
573 2469 730 2499 Dominis
755 2469 907 2500 Johanni
932 2471 1057 2510 Dygon
1075 2473 1109 2501 et
1128 2470 1276 2501 Ricardo
1301 2469 1498 2507 Haredone,
1524 2466 1723 2508 capellanis,

345 2511 504 2550 salutem,
522 2513 689 2543 etc—Ad
713 2513 925 2544 audiendum
950 2514 1185 2545 confessiones
1209 2523 1504 2554 quorumcumque
1528 2511 1724 2542 debitorum

346 2555 597 2594 Religiosorum
619 2556 794 2595 Virorum,
812 2558 941 2588 Prioris
959 2561 993 2589 et
1012 2558 1211 2590 Conventus
1236 2559 1414 2589 Prioratus
1438 2556 1670 2596 Plymptonie,
1688 2564 1724 2585 se

345 2599 394 2629 eis
410 2601 522 2630 teneri
539 2601 574 2630 in
592 2601 867 2641 quibuscumque
884 2603 1111 2642 pecuniarum
1129 2603 1275 2633 summis
1293 2604 1414 2642 sponte
1432 2600 1590 2631 confiteri
1607 2599 1722 2630 volen-

346 2643 447 2681 cium,
472 2645 633 2685 ipsosque
659 2645 833 2676 debitores
857 2657 1102 2687 quoscumque,
1127 2649 1162 2677 et
1185 2656 1305 2677 eorum
1329 2645 1529 2686 quemlibet,
1546 2644 1582 2674 in
1605 2642 1724 2683 hujus-

609 2701 1725 2712 ——m———dffl-

194 2732 201 2753 ¹
225 2732 354 2764 “Anno
372 2735 412 2765 19
430 2735 466 2765 of
479 2735 594 2774 Kingc
608 2736 704 2767 Edw.
719 2738 748 2775 3,
770 2738 921 2768 william
1034 2738 1193 2779 kenbiry,
1219 2737 1377 2775 Menvill,
1402 2736 1470 2767 and
1497 2734 1723 2774 Fogeslangs·

237 2777 386 2815 Ferrers‚
419 2779 455 2809 of
488 2780 689 2810 (Jhurchtou
722 2781 920 2817 [Chim-ston-
1034 2781 1124 2813 ton'’
1157 2781 1218 2822 (all
1249 2783 1285 2812 in
1316 2781 1375 2811 the
1402 2779 1524 2811 Parish
1551 2778 1588 2809 of
1620 2778 1724 2817 Ring·

235 2820 397 2861 Ferrers],
429 2823 497 2853 and
529 2823 588 2854 the
620 2824 735 2856 heires
766 2825 802 2856 of
829 2826 921 2856 John
1034 2825 1158 2867 more).
1161 2826 1293 2864 —Pole,
1310 2835 1343 2865 p.
1360 2825 1434 2855 304-

237 2864 351 2903 Gowe,
370 2865 448 2896 hcld
466 2878 508 2896 on
526 2867 581 2898 fee
599 2868 635 2898 in
653 2868 826 2908 Ridmore,
845 2869 920 2900 Wo-
