1907 3212
143 437 217 464 AD.

143 472 216 497 1389.

141 504 202 530 Vol.
220 504 243 530 I.

160 1850 207 1876 fol.
223 1849 299 1875 201b.

453 334 734 370 REGISTRUM
771 329 1223 369 COMMUNE———ANNO
1261 321 1357 363 200.
1581 316 1674 360 689

300 440 510 472 Executores
534 441 577 472 ab
602 440 721 471 Officio
744 441 873 477 nostro,
898 436 1047 477 receptis
1062 434 1264 476 hujusmodi
1279 433 1431 471 calculis,
1448 432 1625 463 dimittere
1642 434 1677 462 et

299 485 452 516 finaliter
467 486 634 522 liberare;
658 494 803 521 necnon,
822 483 850 514 si
866 483 910 513 ab
926 482 1094 513 intestato
1111 480 1203 510 diem
1227 488 1328 509 suum
1353 477 1542 509 clauserint
1565 477 1676 506 extre·

299 539 406 568 mum,
423 529 592 560 bonorum
609 539 751 560 suorum
767 527 947 558 mobilium
964 523 1175 566 hujusmodi,
1199 533 1265 563 que
1289 522 1382 562 ipsos
1405 522 1442 551 in
1466 520 1618 552 Civitate
1641 521 1678 550 et

298 573 435 604 Diocesi
451 573 580 604 nostris
595 572 770 613 predictis,
784 574 940 611 tempore
952 569 1074 600 mortis
1084 567 1296 604 earumdem,
1308 566 1465 606 optinere
1479 564 1676 604 contigerit,

299 617 555 656 administrare,
573 627 633 648 5011
649 615 985 647 Administraciones
1008 611 1209 653 hujusmodi
1233 611 1357 651 quibus
1375 610 1416 640 de
1432 610 1509 650 jure
1525 609 1581 639 vel
1598 618 1676 639 con-

300 662 484 692 suetudine
500 662 535 692 id
553 661 737 701 agendum,
750 660 972 700 ipsarumque
983 658 1179 688 animarum
1193 655 1298 686 saluti
1313 655 1392 694 plus
1405 664 1480 685 esse
1492 653 1679 693 expediens

300 706 590 746 prospexerimus,
614 706 725 736 eciam
753 703 982 740 committere,
1006 701 1050 732 ad
1073 711 1136 731 nos
1153 700 1265 731 solum
1281 701 1317 729 et
1332 698 1530 736 insolidum,
1547 700 1620 728 tam
1637 696 1680 726 do

299 749 377 790 jure
394 760 499 790 quam
523 750 564 780 de
584 749 728 789 antiqua
746 747 911 779 laudabili
929 745 1188 777 Consuetudine
1207 744 1244 774 in
1260 743 1363 773 dictis
1380 742 1531 773 Civitate
1548 745 1584 772 et
1600 740 1679 771 Dio-

301 794 370 825 cesi
386 794 516 825 nostris
532 794 663 824 usitata
675 796 710 824 et
719 792 875 830 legitime
886 790 1088 831 prescripta,
1102 789 1328 819 dinoscantur
1339 786 1474 817 notorie
1486 785 1662 826 pertinere
1675 798 1683 822 ;

301 848 341 868 ac
358 838 499 878 quidam
517 838 686 868 Dominus
701 837 894 867 Willelmus
911 835 1037 871 Brune,
1055 833 1166 871 Miles,
1190 832 1273 862 dum
1295 831 1383 861 vixit
1406 833 1526 861 noster
1548 828 1684 860 notorie

303 882 474 920 subditus,
491 892 594 922 quem
611 883 749 912 constat
765 881 953 911 Personam
972 877 1133 909 Nobilem
1149 876 1317 913 extitisse,
1342 875 1378 905 in
1403 874 1540 905 Diocesi
1563 875 1684 904 nostra

302 926 471 956 nonnulla
494 926 585 957 bona
608 925 751 956 mobilia
773 924 897 954 mortis
921 933 980 954 sue
1001 924 1157 961 tempore
1182 920 1354 960 optinens,
1374 929 1486 958 nuper
1509 919 1545 948 in
1561 917 1685 949 eadem

303 970 439 1001 Diocesi
457 970 608 1000 humane
626 969 729 1000 sortis
746 969 903 999 debitum
919 966 1139 1007 persolvebat
1155 979 1161 1002 ;
1186 965 1286 1004 0113115
1303 962 1530 1001 Testamenti,
1548 962 1577 992 si
1593 961 1685 1001 quod

304 1015 508 1053 condiderit,
533 1013 742 1051 Insinuacio,
768 1011 1002 1049 Examinacio,
1020 1020 1081 1041 seu
1102 1009 1227 1040 saltem
1252 1007 1482 1048 Approbacio,
1502 1009 1538 1037 et
1554 1006 1686 1037 Ultime

305 1058 506 1089 Voluntatis
531 1058 688 1099 ejusdem
714 1057 842 1094 tuici03
868 1065 1012 1093 necnon,
1042 1053 1304 1091 Executoribus,
1333 1052 1361 1082 si
1388 1061 1474 1092 quos
1500 1051 1537 1081 in
1568 1050 1686 1080 Testa-

305 1105 424 1133 mento
442 1113 503 1133 suo
520 1101 776 1142 deputaverint,
801 1098 1130 1130 Administracionis
1153 1098 1323 1128 bonorum
1348 1106 1489 1126 suorum
1506 1094 1687 1125 mobilium

306 1146 508 1187 hujusmodi
531 1145 747 1183 Commissio,
772 1145 994 1184 ipsorumque
1019 1143 1253 1173 Executorum
1279 1140 1402 1171 calculi
1426 1150 1487 1170 seu
1510 1138 1690 1170 raciocinii

308 1201 411 1230 super
426 1191 576 1230 receptis
592 1192 627 1220 et
645 1188 900 1220 administratis
921 1187 1084 1224 reddicio‚
1107 1186 1255 1222 exact-io,
1277 1187 1312 1215 et
1329 1184 1474 1222 audicio,
1497 1194 1537 1215 ac
1556 1193 1689 1213 eorum-

309 1235 387 1265 dem
414 1235 647 1266 Executorum
665 1234 708 1264 ab
726 1233 846 1264 Officio
862 1234 990 1269 nostro,
1009 1232 1148 1270 recepto
1165 1229 1365 1270 hujusmodi
1383 1228 1524 1266 calculo,
1537 1226 1692 1258 dimissio

308 1279 540 1319 liberacioque
557 1279 690 1315 finalis3
714 1287 860 1315 necnon,
879 1277 907 1307 si
923 1276 967 1306 ab
984 1275 1152 1305 intestato
1169 1274 1261 1304 diem
1279 1283 1379 1304 suum
1398 1272 1563 1303 clauserit
1579 1274 1690 1302 extre-

309 1333 415 1361 mum,
444 1323 613 1353 bonorum
642 1332 783 1352 suorum
810 1320 992 1351 mobilium
1019 1318 1221 1359 hujusmodi
1244 1317 1528 1354 Administraei0‚
1547 1326 1607 1347 seu
1623 1315 1692 1346 Ad-

310 1366 582 1398 ministracionis
599 1365 798 1406 hujusmodi
816 1365 940 1405 quibus
957 1364 998 1394 <le
1022 1363 1099 1404 jure
1116 1362 1171 1393 vel
1188 1361 1439 1392 consuetudine
1455 1361 1491 1391 id
1507 1360 1692 1400 agendum,

310 1411 486 1452 ipsiusque
503 1411 618 1442 anime
635 1410 740 1440 saluti
756 1410 834 1449 plus
851 1419 925 1439 esse
949 1407 1136 1447 expediens
1158 1405 1448 1446 prospexerimus,
1466 1405 1576 1435 eciam
1595 1404 1694 1435 Com-

310 1455 429 1486 missio
449 1456 493 1486 ad
514 1465 577 1485 1105
602 1455 713 1485 50111111
730 1456 765 1484 et
781 1453 979 1490 insolidum,
996 1454 1069 1482 tam
1087 1451 1128 1481 de
1153 1451 1229 1491 jure
1247 1460 1350 1490 quam
1369 1449 1638 1486 Consuetudine,
1656 1450 1695 1478 ut

309 1499 496 1539 prefertur,
520 1499 724 1539 prescripta,
751 1498 992 1534 dinoscuntur,
1013 1498 1052 1525 ut
1078 1495 1306 1535 premittitur,
1331 1494 1466 1524 notorie
1496 1493 1695 1533 pertinere;

313 1544 491 1582 Magister,
523 1546 653 1581 tamen,
677 1542 867 1572 Nicholaus
893 1540 1105 1580 Braybroke,
1132 1539 1426 1569 Archidiaconum
1453 1537 1637 1574 Cornubie,
1661 1538 1697 1567 et

311 1588 505 1618 Willelmus
514 1587 782 1626 Calwe,notorie
795 1585 1013 1626 conjugatus,
1026 1584 1135 1623 ipsius
1149 1583 1310 1622 Magistri
1323 1582 1354 1612 N
1357 1582 1483 1612 icholai
1495 1581 1696 1617 Officialem,

313 1643 348 1663 se
387 1632 647 1672 pretendentes,
674 1630 967 1666 Insinuacionem,
995 1628 1312 1664 Examinacionem,
1336 1629 1372 1657 et
1397 1626 1698 1666 Approbacionem

313 1676 530 1707 Testamenti
547 1676 632 1706 dicti
649 1675 790 1706 Domini
807 1673 971 1704 Willelmi
996 1673 1123 1711 Brune,
1141 1671 1273 1709 Militis,
1291 1670 1459 1708 defuncti,
1477 1673 1512 1700 et
1528 1670 1699 1700 bonorum

313 1720 470 1761 ejusdem
487 1719 818 1750 Administracionis
835 1717 1124 1748 Commissionem
1142 1716 1185 1746 ad
1207 1725 1243 1746 se
1260 1715 1435 1755 pertinere
1452 1714 1542 1745 falso
1559 1716 1699 1745 conten-

314 1765 447 1802 dentes,
465 1774 543 1794 cum
560 1774 630 1794 non
647 1764 693 1794 sit
709 1762 885 1793 notorium
911 1771 1022 1801 neque
1040 1771 1171 1798 verum,
1188 1759 1389 1800 hujusmodi
1407 1758 1700 1795 Insinuacionem,

316 1808 633 1846 Examinacionem,
643 1810 678 1838 et
689 1806 1001 1847 Approbucionem,
1015 1815 1054 1835 ac
1069 1803 1398 1834 Administracionis
1413 1803 1701 1833 Commissionem

316 1852 472 1892 prefatas
499 1852 565 1882 sibi
593 1861 760 1891 usurpare
782 1851 946 1880 nituntur
970 1849 1090 1879 illicite
1115 1851 1149 1879 et
1167 1848 1308 1887 injuste,
1325 1848 1361 1877 in
1377 1847 1465 1887 juris
1482 1850 1517 1878 et
1534 1846 1700 1878 Jurisdic-

317 1896 425 1927 cionis
464 1898 582 1926 nostre
608 1895 807 1925 illusionem
832 1896 867 1924 et
896 1893 1171 1932 derogacionem,
1198 1902 1238 1922 ac
1266 1891 1458 1931 Dignitatis
1486 1891 1702 1921 Pontifiealis

316 1942 433 1971 nostre
451 1940 616 1979 injuriam
633 1941 669 1969 et
686 1941 926 1978 contemptum
943 1938 1053 1968 eciam
1070 1936 1308 1967 manifestum.
1356 1935 1457 1966 Unde
1483 1945 1555 1973 1105,
1571 1935 1651 1975 jura
1667 1937 1703 1966 et

316 1984 607 2015 Jurisdiccionem
631 1985 761 2021 nostra,
786 1984 825 2012 ut
849 1985 1020 2019 tenemur,
1044 1981 1135 2011 tueri
1159 1982 1195 2010 et
1219 1980 1416 2018 defendere,
1442 1982 1477 2010 et
1501 1979 1701 2020 hujusmodi

318 2028 558 2059 conaminibus
584 2031 618 2057 et
642 2026 931 2066 usurpacionibus
958 2025 1109 2062 obviare,
1137 2026 1307 2065 quantum
1336 2024 1377 2055 de
1405 2024 1482 2064 jure
1507 2034 1701 2063 possumus,

318 2073 508 2112 cupientes,
531 2072 638 2109 vobis,
657 2071 888 2102 communiter
916 2072 951 2100 et
979 2069 1127 2107 divisim,
1145 2072 1221 2107 eto,
1239 2068 1491 2099 committimus
1508 2071 1543 2098 et
1560 2068 1701 2098 manda-

319 2127 396 2147 mus
413 2117 576 2156 quatinus
588 2115 785 2152 inhibeatis,
797 2113 1015 2145 seuinhiberi
1027 2113 1175 2151 faciatis,
1187 2112 1334 2152 prefatis
1346 2112 1515 2152 Magistro
1524 2112 1702 2149 Nicholao‚

320 2160 584 2197 Archidiacono,
617 2161 652 2189 et
683 2159 865 2197 willelmo,
897 2158 973 2198 ejus
1005 2157 1162 2195 officiali,
1190 2157 1374 2197 pretensis,
1405 2167 1446 2188 ao
1481 2167 1599 2187 eorum
1641 2166 1703 2188 5011

320 2205 464 2236 alterius
481 2204 682 2234 corumdem
701 2203 948 2234 Commissario
961 2204 1021 2232 aut
1036 2201 1303 2232 Locumtenenti
1320 2201 1535 2241 cuicumque,
1549 2201 1702 2232 eosdem-

321 2259 386 2289 que
403 2248 557 2287 legitime
571 2250 605 2278 et
618 2247 790 2278 Canonice
801 2246 982 2285 moneatis,
996 2256 1038 2276 ne
1053 2246 1094 2277 de
1108 2245 1352 2276 Insinuacione
1366 2255 1427 2275 seu
1440 2245 1704 2286 Approbaeione

323 2293 538 2323 Testamenti
582 2292 654 2322 sive
687 2291 819 2322 Ultime
851 2290 1052 2321 Voluntatis
1084 2290 1168 2320 dieti
1207 2289 1347 2320 Domini
1379 2290 1543 2320 Willelmi
1577 2290 1704 2327 Brune,

324 2337 456 2374 Militis,
473 2340 508 2367 et
526 2336 660 2366 Nobilis
677 2336 827 2366 Persone
852 2334 999 2375 prefate,
1029 2344 1094 2374 que
1119 2335 1162 2364 ad
1180 2334 1272 2374 ipsos
1292 2344 1360 2364 non
1385 2334 1548 2373 pertinet,
1567 2344 1603 2365 50
1620 2334 1703 2364 ulla-

323 2385 425 2411 tenus
442 2381 689 2417 intromittant,
715 2389 775 2410 seu
793 2379 1003 2410 Executores
1019 2382 1080 2408 aut
1097 2378 1265 2409 bonorum
1290 2377 1604 2409 Administratores
1621 2378 1705 2409 dicti

323 2425 491 2462 defuncti,
508 2424 687 2455 occasione
704 2423 962 2463 premissorum,
980 2425 1107 2453 vexent
1123 2433 1184 2453 seu
1195 2425 1352 2462 gravent,
1371 2423 1559 2453 molestent
1575 2422 1704 2463 aliqua-

325 2470 404 2499 liter
419 2469 473 2499 vel
490 2468 668 2506 infestent,
687 2468 749 2498 sub
767 2468 911 2507 Majoris
928 2467 1310 2497 Excommunicacionis
1323 2477 1422 2506 pena,
1440 2477 1542 2506 quam
1560 2467 1596 2496 in
1612 2466 1706 2506 ipsos

324 2517 359 2543 et
387 2513 541 2553 ipsorum
570 2512 724 2551 singulos
751 2512 788 2542 in
814 2511 878 2542 hac
905 2514 1004 2551 parte
1021 2511 1334 2548 contravenientes,
1352 2521 1459 2548 mora,
1477 2511 1619 2548 offensa,
1645 2520 1706 2541 seu

325 2558 426 2597 culpa
453 2557 606 2596 ipsorum
635 2559 695 2586 aut
720 2555 867 2596 alicujus
892 2555 1092 2586 corumdem
1116 2555 1394 2594 precedentibus,
1419 2554 1513 2585 dicta
1531 2555 1706 2585 Canonica

326 2601 519 2631 Monicione
544 2601 724 2640 premissa,
750 2610 896 2637 exnunc,
922 2602 1024 2639 prout
1052 2602 1189 2637 extunc,
1215 2599 1362 2629 ferimus
1389 2599 1424 2628 in
1452 2599 1519 2629 hiis
1549 2599 1705 2639 Scriptis⁴

326 2646 494 2683 Citantes,
511 2645 662 2684 insuper,
680 2653 741 2674 seu
764 2644 865 2674 citari
887 2643 1067 2682 facientes,
1083 2643 1327 2682 peremptorie,
1345 2643 1504 2673 Nobilem
1524 2643 1706 2673 Mulierem

325 2690 510 2720 Dominam
538 2689 728 2726 Matildem,
757 2688 913 2718 relictam
940 2687 1048 2727 ipsius
1076 2687 1215 2717 Domini
1241 2687 1404 2717 willelmi
1430 2687 1555 2725 Brune,
1574 2687 1706 2722 Militis.

325 2733 492 2771 defuncti,
519 2743 558 2763 ac
582 2732 789 2771 Magistrum
816 2732 1025 2762 Willelmum
1054 2731 1242 2770 Cergeaux,
1271 2731 1390 2761 Sancti
1417 2731 1558 2761 Martini
1589 2729 1707 2772 [juxta

324 2775 425 2817 Loo]‚
453 2777 640 2808 Dominum
668 2776 864 2807 ,Iohannem
890 2776 1011 2806 Daune
1039 2773 1235 2815 [Drusum]
1261 2775 1302 2805 de
1331 2775 1449 2813 Rame,
1473 2775 1707 2806 Ecclesiarum

324 2823 498 2860 Rectores,
515 2831 554 2851 ac
572 2820 759 2851 Dominum
775 2819 986 2850 Willelmum
1005 2819 1218 2858 Ludegarde,
1243 2819 1470 2858 capellanum,
1497 2819 1708 2851 Executores

321 2866 357 2897 in
373 2867 598 2897 Testamento
614 2865 696 2896 dicti
714 2864 854 2895 Domini
867 2864 1028 2894 Willelmi
1047 2864 1173 2901 Brune,
1186 2866 1225 2894 ut
1242 2863 1379 2901 dicitur,
1396 2864 1604 2902 nominatos,
1616 2863 1708 2904 quod

325 2912 549 2951 compareant
566 2919 681 2940 coram
698 2909 808 2942 nobis.
827 2910 887 2938 aut
905 2907 1162 2938 Commissariis
1172 2908 1310 2946 nostris,
1328 2917 1396 2938 uno
1414 2907 1468 2938 vel
1485 2908 1652 2948 pluribus,
1670 2909 1703 2938 in
