1907 3212
481 306 764 340 REGISTRUM
792 304 1263 340 -οοΜΜῦΝΕ-ΑΝΝΟ
1294 295 1384 338 19⁹.
1408 321 1410 324 -
1612 292 1705 335 659

330 407 485 439 Diocesis
509 419 544 440 se
568 409 844 449 pretendentem,
870 419 911 440 ex
935 410 1034 449 parte
1058 417 1138 446 una,
1163 410 1198 439 et.
1222 407 1337 448 ipsum
1366 405 1598 446 Radulphum,
1624 404 1707 435 Rec-

329 454 440 483 torem
465 453 507 483 de
532 454 621 483 Dulo
646 454 853 493 predictum,
877 464 918 484 ex
942 454 1062 491 altera,
1087 462 1203 484 coram
1232 451 1400 491 Magistro
1425 449 1574 480 Ricardo
1600 448 1706 483 More,

329 495 502 527 Clericum
527 500 561 527 et
586 497 872 528 Connnissarium
899 497 1058 537 Magistri
1083 496 1246 527 Willelmi
1272 495 1379 535 Byde,
1405 493 1569 524 Officialis
1595 492 1707 523 nostri

327 539 543 581 Principalis,
565 551 601 572 se
625 542 866 581 pretendente,
891 541 1069 572 occasione
1093 551 1162 571 non
1185 539 1353 571 faccionis
1377 548 1438 569 seu
1462 536 1706 576 denegacionis

326 584 504 624 copiarum
523 585 784 617 Commissionis
801 585 957 626 ejusdem
972 585 1208 617 Commissarii
1225 583 1389 624 pretensi,
1401 581 1705 620 certificatoriique

327 627 524 667 Citacionis‚
541 639 582 661 ac
599 630 753 660 omnium
777 631 922 660 aliorum
941 632 1097 660 actorum
1121 628 1337 669 judicialium
1363 629 1484 658 contra
1508 626 1622 665 ipsum
1640 625 1704 655 Ra-

325 672 494 712 dulphum
520 673 555 703 in
583 684 624 704 ea
650 679 750 714 parte
778 674 986 712 habitorum,
1014 683 1053 704 ac
1078 674 1189 704 eciam
1218 671 1416 709 Citacionis,
1443 671 1486 701 ad
1512 669 1703 700 terminum

324 716 427 747 nimis
444 717 585 748 brevem
596 721 631 748 et
647 718 920 758 peremptorium
937 718 979 748 de
996 718 1070 757 ipso
1088 717 1271 756 Radulpho
1281 715 1385 754 facte,
1397 715 1441 746 ad
1456 713 1703 745 resumendum

326 761 498 792 resumive
526 761 725 799 videndum,
751 763 873 792 eodem
901 762 956 792 die
987 772 1053 802 quo
1081 761 1173 791 idem
1200 760 1369 800 Magister
1400 758 1604 798 Radulphus
1629 760 1705 788 erat

326 805 465 843 citatus,
482 806 665 845 negocium
688 806 879 846 principale
902 806 938 836 in
962 811 1126 846 pretensa
1151 805 1263 836 Causa
1286 803 1444 843 predicta
1469 813 1530 833 seu
1550 801 1705 841 negocio,

327 851 362 878 et
378 849 413 879 in
431 859 471 880 ea
488 860 548 880 seu
565 860 604 880 eo
621 850 879 890 procedendum
895 851 939 880 ad
957 850 1110 890 singulos
1133 852 1233 880 actus
1256 848 1430 888 gradatim
1453 850 1487 877 et
1512 846 1705 878 successive

327 903 434 932 usque
463 894 506 924 ad
534 895 671 924 finalem
705 894 965 934 expedicionem
996 894 1164 934 ejusdem,
1196 903 1275 923 cum
1307 892 1468 923 omnibus
1496 892 1531 921 et
1559 890 1706 930 singulis

325 936 461 976 juribus
489 945 524 968 et
552 938 778 969 munimentis
805 938 913 978 ipsius
942 938 1116 978 Radulphi
1141 938 1185 967 ad
1213 937 1342 967 dictam
1371 936 1520 966 Causam
1547 937 1704 974 spectan-

326 980 429 1019 tibus,
454 984 489 1012 et
513 982 638 1021 quibus
668 982 704 1012 in
729 993 769 1013 ea
796 983 851 1013 vel
876 993 916 1013 eo
946 982 997 1012 uti
1029 982 1237 1017 intenderet,
1270 981 1413 1020 aliisque
1444 978 1706 1020 gravaminibus

327 1025 391 1055 sibi
417 1036 479 1065 per
503 1026 634 1056 dictum
662 1027 849 1057 Ricardum
878 1027 972 1057 More
996 1027 1112 1065 illatis,
1140 1026 1246 1056 fuerit
1275 1032 1309 1055 ct
1339 1025 1383 1055 sit
1410 1024 1455 1054 ad
1481 1034 1544 1054 nos
1570 1025 1605 1054 et
1628 1032 1704 1053 nos-

326 1071 417 1099 tram
442 1070 660 1101 audienciam
684 1071 839 1110 legitime
867 1071 1091 1111 appellatum,
1118 1074 1153 1101 et
1185 1080 1288 1109 super
1318 1068 1519 1109 hujusmodi
1543 1067 1704 1107 Appella—

325 1113 421 1144 cione
447 1124 467 1144 a
489 1114 628 1153 prefata
651 1117 771 1146 nostra
795 1115 975 1145 audiencia
995 1115 1244 1154 impetratum3
1268 1124 1412 1150 necnon,
1430 1112 1586 1152 predicto
1604 1111 1705 1142 Com-

326 1157 485 1189 missario
515 1162 687 1197 pretenso,
711 1166 745 1189 et
777 1159 902 1189 ceteris
933 1159 1094 1189 omnibus
1118 1165 1153 1189 et
1177 1158 1322 1197 singulis
1354 1157 1478 1197 quibus
1508 1156 1564 1196 jus
1597 1155 1704 1195 exigit

325 1201 484 1240 inhiberi,
521 1202 556 1231 in
590 1213 630 1233 ea
665 1209 765 1242 parte
802 1203 1000 1237 inhibitum,
1038 1206 1077 1233 ut
1111 1205 1164 1233 est
1202 1202 1307 1232 moris
1326 1216 1332 1238 ;
1368 1200 1537 1240 prefatus,
1574 1203 1704 1238 tamen,

327 1245 506 1283 Ricardus,
525 1246 791 1278 Commissarius
815 1249 1008 1286 pretensus,
1026 1249 1168 1286 propter
1191 1256 1312 1277 causas
1337 1245 1546 1276 sufficientes
1571 1249 1606 1274 et
1622 1244 1702 1283 legi-

325 1289 430 1320 timas
446 1290 511 1329 ipsi
530 1291 712 1330 Radulpho
735 1291 906 1321 veraciter
931 1294 1121 1331 suspectus⁷
1140 1294 1175 1321 et
1199 1300 1260 1330 pro
1285 1289 1334 1320 sic
1358 1292 1519 1329 suspecto
1542 1298 1604 1328 per
1627 1298 1703 1328 par-

325 1337 395 1363 tem
420 1334 577 1374 ejusdem
603 1335 787 1374 Radulphi,
812 1336 969 1366 Rectoris
994 1335 1132 1375 prefati,
1158 1335 1273 1365 debite
1292 1337 1483 1371 recusatus,
1500 1332 1706 1372 gravamina

323 1378 585 1416 gravaminibus
612 1380 846 1417 accumulans,
872 1380 1050 1418 premissis
1074 1389 1143 1409 non
1170 1378 1399 1415 obstantibus,
1424 1383 1502 1416 post
1522 1380 1557 1407 et
1583 1379 1705 1407 contra

323 1431 364 1451 ea
390 1422 567 1461 prefatum
600 1423 832 1463 Radulphum,
862 1424 1046 1454 Rectorem
1078 1423 1304 1457 antedictum,
1331 1422 1375 1452 ad
1404 1421 1594 1452 Ecclesiam
1627 1431 1703 1451 nos·

323 1468 415 1496 tram
441 1466 685 1497 Cathedralem
712 1468 852 1505 Exonie,
878 1468 922 1498 ad
946 1468 1098 1507 primum
1124 1468 1213 1497 diem
1239 1466 1433 1497 Juridicum
1458 1467 1536 1505 post
1563 1465 1703 1496 Festum

325 1509 444 1540 Sancti
459 1511 591 1546 Jacobi,
609 1512 651 1541 ad
669 1512 881 1542 audiendum
897 1513 1115 1543 voluntatem
1132 1511 1241 1551 ipsius
1259 1510 1497 1541 Commissarii
1515 1519 1618 1549 super
1628 1519 1704 1548 pro-

322 1554 445 1592 positis
461 1555 570 1594 ipsius
590 1556 748 1595 Magistri
770 1556 954 1595 Radulphi,
972 1566 1051 1587 cum
1075 1556 1183 1586 nichil
1208 1566 1322 1585 coram
1341 1565 1381 1585 eo
1398 1557 1565 1594 tanquam
1590 1553 1705 1593 judice

323 1608 384 1628 suo
401 1598 437 1628 in
455 1599 567 1630 Causa
585 1610 644 1630 seu
661 1600 804 1639 neg-ocio
821 1604 983 1639 pretenso
1000 1600 1165 1640 predictis
1182 1599 1429 1639 proposuisset,
1446 1598 1578 1628 nullam
1592 1598 1627 1627 in
1641 1598 1706 1628 hac

325 1649 424 1680 parte
441 1643 573 1674 habens
589 1644 869 1683 jurisdjccionem
889 1648 949 1675 aut
966 1645 1118 1684 aliquam
1144 1645 1247 1674 aliam
1272 1643 1464 1683 legitimam
1483 1644 1704 1681 potestatem,

324 1687 503 1717 mandavit
521 1693 555 1718 et
572 1688 657 1718 fecit
675 1699 791 1719 coram
809 1699 848 1719 eo
873 1689 917 1719 ad
940 1689 1110 1729 judicium
1135 1688 1271 1719 evocari
1290 1687 1429 1727 injuste,
1447 1691 1519 1716 tam
1538 1697 1579 1717 ex
1595 1686 1706 1717 officio

326 1740 387 1761 suo
411 1734 574 1770 pretenso
591 1743 695 1772 quam
721 1733 765 1763 ad
795 1733 1004 1763 instanciam
1029 1736 1063 1763 et
1088 1732 1372 1772 procuracionem
1397 1731 1545 1769 predicti
1562 1730 1706 1760 XValteri

327 1774 529 1805 Levenaunt
554 1777 717 1807 subdolas
741 1780 774 1807 et
800 1777 959 1816 injustas,
976 1777 1011 1807 in
1036 1777 1145 1816 ipsius
1164 1776 1347 1815 Radulphi,
1366 1775 1523 1805 Rectoris
1547 1775 1705 1814 predicti,

326 1818 555 1858 prejudicium
573 1824 607 1850 et
625 1831 813 1859 gravamen
831 1821 990 1861 dicteque
1008 1824 1124 1851 nostre
1142 1821 1321 1851 audient-ie
1339 1824 1579 1858 contemptum
1596 1819 1705 1849 mani-

326 1861 466 1893 festum.
515 1864 616 1894 Unde
633 1875 673 1895 ex
691 1870 790 1904 parte
808 1865 964 1904 ejusdem
991 1865 1174 1904 Radusphi,
1194 1864 1351 1894 Rectoris
1377 1863 1533 1903 predicti,
1551 1863 1704 1894 sencien-

326 1906 370 1936 tis
388 1916 422 1936 se
440 1917 479 1937 ex
498 1908 676 1947 premissis
693 1910 954 1947 gravaminibus
972 1912 1005 1939 et
1023 1919 1142 1939 eorum
1156 1909 1307 1948 quolibet
1323 1908 1476 1938 indebite
1494 1908 1705 1947 pregravari,

325 1950 367 1979 ad
386 1961 448 1980 nos
465 1954 499 1981 et
517 1952 734 1983 audient-iam
753 1960 909 1983 nostram
928 1953 1083 1992 legitime
1109 1953 1223 1983 extitit
1250 1953 1474 1991 appellatum.
1538 1951 1705 1990 Quocirca

325 1993 432 2031 vobis,
459 1997 692 2026 communiter
717 2000 752 2027 et
779 1997 927 2035 divisim,
954 1997 1171 2037 injungimus
1203 2003 1248 2035 et,
1281 1997 1439 2026 districte
1472 1996 1704 2035 precipiendo,

327 2039 533 2069 mandamus
550 2040 714 2079 quatinus
731 2041 878 2080 prefatis
896 2042 1043 2071 Bit-ardo
1062 2042 1166 2079 More,
1187 2041 1433 2071 Commissario
1451 2044 1613 2079 prete-nso
1630 2050 1704 2080 pre-

326 2082 429 2119 dicto,
456 2086 491 2113 et
520 2084 671 2114 W'altero
698 2085 911 2123 Levenaunt,
936 2096 976 2115 ac
1000 2086 1161 2115 omnibus
1185 2086 1261 2115 aliis
1278 2091 1312 2115 et
1330 2085 1476 2122 singulis
1500 2085 1624 2123 quibus
1648 2085 1705 2124 jus

325 2126 433 2165 exigit
450 2127 609 2165 inhiberi,
627 2129 835 2159 auctoritate
853 2132 972 2160 nostra
996 2130 1192 2167 inhibeatis,
1210 2140 1263 2167 ne,
1281 2129 1454 2168 pendente
1471 2129 1506 2158 in
1524 2129 1706 2159 audiencia

326 2173 445 2201 nostra
469 2171 668 2211 hujusmodi
693 2173 950 2212 Appellacionis
974 2174 1127 2213 negocio,
1152 2173 1429 2213 qiiic‹pla1n,hac
1454 2173 1644 2210 occasione,
1671 2173 1703 2203 in

325 2214 416 2244 dicte
433 2216 544 2253 partis
560 2217 768 2255 appellantis
792 2217 1022 2258 prejudicium
1047 2221 1259 2257 attemptent
1277 2217 1331 2248 vel
1349 2220 1546 2256 attemptet,
1572 2217 1705 2247 faciant

325 2260 385 2288 aut
401 2258 507 2289 faciat
525 2260 721 2299 aliqualiter
736 2262 950 2301 attemptari,
968 2262 1151 2302 quominus
1167 2262 1277 2293 eidem
1298 2261 1580 2301 Appellacionem
1606 2272 1703 2292 suam

325 2301 523 2341 hujusmodi
542 2304 649 2335 libera
665 2308 784 2344 pateat
795 2307 1022 2345 prosequendi
1037 2306 1198 2337 facultas
1247 2306 1380 2337 Citetis,
1393 2306 1512 2341 eciam,
1527 2316 1586 2336 seu
1605 2306 1705 2336 citari

324 2345 474 2384 faciatis,
492 2349 734 2387 peremptorie,
752 2349 908 2389 prefatos
927 2351 1112 2381 Ricardum
1124 2353 1159 2381 et
1172 2351 1363 2381 W'alterum
1379 2351 1468 2390 quod
1481 2355 1704 2390 compareant

325 2400 442 2420 coram
466 2392 574 2429 nobis,
599 2397 674 2426 ete„
700 2393 736 2423 in
762 2394 915 2424 Ecclesia
941 2401 1060 2425 nostra
1087 2395 1286 2425 Cathedrali
1311 2395 1476 2434 predicta,
1503 2399 1626 2433 quarto
1651 2394 1705 2423 dic

323 2433 478 2465 Juridico
496 2439 572 2475 post
591 2437 730 2467 Festum
751 2437 869 2468 Sancti
886 2439 1017 2475 Jacobi,
1036 2439 1203 2478 Apostoli,
1220 2439 1377 2477 proximo
1393 2439 1463 2478 jam
1482 2438 1652 2475 futurum,
1671 2439 1705 2467 iu

325 2478 418 2508 dicto
435 2479 692 2519 Appellacionis
710 2482 853 2519 negocio
878 2483 1082 2522 processuri,
1100 2483 1239 2522 facturi,
1257 2487 1291 2513 et
1308 2483 1482 2522 recepturi
1499 2483 1589 2522 quod
1605 2482 1705 2523 justi-

324 2522 376 2552 cia
394 2524 563 2562 suadebit,
581 2526 805 2556 etc.—Dated
822 2530 858 2557 at
875 2526 983 2567 Clyst,
1001 2528 1044 2557 24
1059 2527 1151 2567 July.

279 2590 493 2641 Plymouth
508 2607 518 2640 3
551 2595 699 2633 Licence
720 2603 755 2633 to
775 2597 1015 2641 celebrate,—

281 2646 480 2679 Penultinio
499 2649 555 2680 die
570 2651 700 2681 mensis
716 2651 810 2689 Julii,
828 2652 920 2691 apud
938 2652 1034 2689 Clist‚
1054 2652 1223 2682 Dominus
1240 2653 1407 2683 concessit
1429 2652 1623 2683 Lieeneium
1638 2653 1708 2682 Ma-

323 2691 434 2729 gistro
454 2693 617 2724 Michaeli
633 2694 818 2733 Sergeaux,
836 2696 975 2726 Vicario
990 2696 1162 2736 Perpetuo
1180 2696 1332 2727 Ecclesie
1347 2697 1559 2727 Parochialis
1577 2696 1617 2727 de
1631 2696 1708 2726 Sut-

326 2738 419 2773 tone,
437 2737 536 2777 juxta
556 2738 812 2777 Plymmouffie,
830 2741 920 2779 quod
939 2741 1045 2779 possit
1065 2740 1240 2771 celebrare
1258 2741 1394 2776 Divina,
1413 2747 1445 2771 et
1464 2751 1525 2780 per
1542 2741 1709 2780 presbite-

324 2789 382 2810 ros
398 2781 552 2820 ydoneos
569 2781 685 2814 faeere
703 2783 879 2819 celebrari,
898 2784 931 2814 in
951 2784 1091 2823 Capella
1106 2785 1334 2823 Leprosorum
1354 2785 1479 2815 Sancte
1492 2785 1600 2815 Marie
1615 2785 1709 2824 Mag-

326 2823 460 2863 dalene,
478 2828 514 2856 et
532 2826 673 2866 Capella
691 2827 818 2858 Sancte
844 2828 1012 2859 Katerine
1030 2829 1071 2858 de
1089 2829 1121 2859 la
1141 2829 1248 2859 Howe
1275 2826 1391 2868 [hodie
1409 2829 1468 2859 the
1487 2826 1592 2868 Hoe],
1618 2828 1711 2858 infra

326 2867 531 2900 Parochiam
551 2869 642 2901 dicte
661 2871 813 2903 Ecclesic
831 2873 992 2910 situatis;
1017 2873 1059 2903 ad
1078 2872 1345 2912 beneplacitum,
1363 2879 1428 2904 etc.
