<?xml version="1.0" encoding="UTF-8"?>
<!DOCTYPE html PUBLIC "-//W3C//DTD XHTML 1.0 Transitional//EN"
    "http://www.w3.org/TR/xhtml1/DTD/xhtml1-transitional.dtd">
<html xmlns="http://www.w3.org/1999/xhtml" xml:lang="en" lang="en">
 <head>
  <title>
</title>
<meta http-equiv="Content-Type" content="text/html;charset=utf-8" />
  <meta name='ocr-system' content='tesseract 3.04.00' />
  <meta name='ocr-capabilities' content='ocr_page ocr_carea ocr_par ocr_line ocrx_word'/>
</head>
<body>
  <div class='ocr_page' id='page_1' title='image "./registerofthomas02cathuoft_0226.png"; bbox 0 0 1907 3212; ppageno 0'>
   <div class='ocr_carea' id='block_1_1' title="bbox 179 294 1457 343">
    <p class='ocr_par' dir='ltr' id='par_1_1' title="bbox 179 294 1457 343">
     <span class='ocr_line' id='line_1_1' title="bbox 179 294 1457 343; baseline 0.002 -3"><span class='ocrx_word' id='word_1_1' title='bbox 179 294 272 340; x_wconf 84' lang='lat'>746</span> <span class='ocrx_word' id='word_1_2' title='bbox 450 309 549 341; x_wconf 83' lang='lat' dir='ltr'>THE</span> <span class='ocrx_word' id='word_1_3' title='bbox 584 309 713 341; x_wconf 78' lang='lat' dir='ltr'>WILL</span> <span class='ocrx_word' id='word_1_4' title='bbox 748 309 808 341; x_wconf 89' lang='lat' dir='ltr'>OF</span> <span class='ocrx_word' id='word_1_5' title='bbox 843 308 1021 341; x_wconf 86' lang='lat' dir='ltr'>BISHOP</span> <span class='ocrx_word' id='word_1_6' title='bbox 1056 308 1457 343; x_wconf 81' lang='lat' dir='ltr'>BRANTYNGHAM.</span> 
     </span>
    </p>
   </div>
   <div class='ocr_carea' id='block_1_2' title="bbox 177 407 1738 2409">
    <p class='ocr_par' dir='ltr' id='par_1_2' title="bbox 177 407 1716 1163">
     <span class='ocr_line' id='line_1_2' title="bbox 177 407 1713 466; baseline -0.001 -19"><span class='ocrx_word' id='word_1_7' title='bbox 177 407 250 466; x_wconf 40' lang='lat' dir='ltr'>{JJ}</span> <span class='ocrx_word' id='word_1_8' title='bbox 340 409 523 458; x_wconf 86' lang='lat' dir='ltr'>phorium</span> <span class='ocrx_word' id='word_1_9' title='bbox 540 423 655 459; x_wconf 90' lang='lat' dir='ltr'>quem</span> <span class='ocrx_word' id='word_1_10' title='bbox 672 409 794 446; x_wconf 87' lang='lat' dir='ltr'>habui</span> <span class='ocrx_word' id='word_1_11' title='bbox 814 408 863 446; x_wconf 89' lang='lat' dir='ltr'>de</span> <span class='ocrx_word' id='word_1_12' title='bbox 884 409 1056 446; x_wconf 89' lang='lat' dir='ltr'>Domino</span> <span class='ocrx_word' id='word_1_13' title='bbox 1077 409 1252 446; x_wconf 85' lang='lat' dir='ltr'>Ricardo</span> <span class='ocrx_word' id='word_1_14' title='bbox 1268 409 1488 448; x_wconf 86' lang='lat' dir='ltr'>Ravenser¹</span> <span class='ocrx_word' id='word_1_15' title='bbox 1505 409 1713 454; x_wconf 85' lang='lat' dir='ltr'>vendat-ur,</span> 
     </span>
     <span class='ocr_line' id='line_1_3' title="bbox 339 462 1714 513; baseline -0.001 -13.085"><span class='ocrx_word' id='word_1_16' title='bbox 339 468 379 501; x_wconf 86' lang='lat' dir='ltr'>et</span> <span class='ocrx_word' id='word_1_17' title='bbox 400 463 668 501; x_wconf 83' lang='lat' dir='ltr'>distribuatur</span> <span class='ocrx_word' id='word_1_18' title='bbox 696 477 768 513; x_wconf 80' lang='lat' dir='ltr'>pro</span> <span class='ocrx_word' id='word_1_19' title='bbox 796 464 930 500; x_wconf 87' lang='lat' dir='ltr'>anima</span> <span class='ocrx_word' id='word_1_20' title='bbox 953 464 1087 512; x_wconf 85' lang='lat' dir='ltr'>ipsius.</span> <span class='ocrx_word' id='word_1_21' title='bbox 1152 462 1265 501; x_wconf 80' lang='lat' dir='ltr'>Liber</span> <span class='ocrx_word' id='word_1_22' title='bbox 1294 464 1424 502; x_wconf 87' lang='lat' dir='ltr'>Biblie</span> <span class='ocrx_word' id='word_1_23' title='bbox 1450 465 1579 501; x_wconf 88' lang='lat' dir='ltr'>minor</span> <span class='ocrx_word' id='word_1_24' title='bbox 1599 476 1714 513; x_wconf 88' lang='lat' dir='ltr'>quem</span> 
     </span>
     <span class='ocr_line' id='line_1_4' title="bbox 337 517 1716 564; baseline 0.001 -11"><span class='ocrx_word' id='word_1_25' title='bbox 337 518 459 554; x_wconf 87' lang='lat' dir='ltr'>habui</span> <span class='ocrx_word' id='word_1_26' title='bbox 480 517 528 555; x_wconf 85' lang='lat' dir='ltr'>de</span> <span class='ocrx_word' id='word_1_27' title='bbox 550 518 724 555; x_wconf 86' lang='lat' dir='ltr'>Domino</span> <span class='ocrx_word' id='word_1_28' title='bbox 746 517 947 554; x_wconf 73' lang='lat' dir='ltr'>willelmo</span> <span class='ocrx_word' id='word_1_29' title='bbox 967 517 1015 554; x_wconf 91' lang='lat' dir='ltr'>de</span> <span class='ocrx_word' id='word_1_30' title='bbox 1040 518 1130 555; x_wconf 91' lang='lat' dir='ltr'>Clee</span> <span class='ocrx_word' id='word_1_31' title='bbox 1156 517 1365 564; x_wconf 80' lang='lat' dir='ltr'>vendatur,</span> <span class='ocrx_word' id='word_1_32' title='bbox 1388 522 1429 556; x_wconf 89' lang='lat' dir='ltr'>et</span> <span class='ocrx_word' id='word_1_33' title='bbox 1448 518 1716 555; x_wconf 77' lang='lat' dir='ltr'>distribuatur</span> 
     </span>
     <span class='ocr_line' id='line_1_5' title="bbox 335 571 1715 621; baseline -0.001 -13"><span class='ocrx_word' id='word_1_34' title='bbox 335 585 407 621; x_wconf 91' lang='lat' dir='ltr'>pro</span> <span class='ocrx_word' id='word_1_35' title='bbox 426 573 560 608; x_wconf 87' lang='lat' dir='ltr'>anima</span> <span class='ocrx_word' id='word_1_36' title='bbox 580 585 661 609; x_wconf 86' lang='lat' dir='ltr'>sua.</span> <span class='ocrx_word' id='word_1_37' title='bbox 721 571 842 609; x_wconf 91' lang='lat' dir='ltr'>Liber</span> <span class='ocrx_word' id='word_1_38' title='bbox 863 571 988 608; x_wconf 86' lang='lat' dir='ltr'>Biblie</span> <span class='ocrx_word' id='word_1_39' title='bbox 1007 573 1134 619; x_wconf 87' lang='lat' dir='ltr'>major</span> <span class='ocrx_word' id='word_1_40' title='bbox 1154 571 1363 618; x_wconf 79' lang='lat' dir='ltr'>vendatur,</span> <span class='ocrx_word' id='word_1_41' title='bbox 1385 578 1426 610; x_wconf 90' lang='lat' dir='ltr'>et</span> <span class='ocrx_word' id='word_1_42' title='bbox 1446 571 1715 610; x_wconf 80' lang='lat' dir='ltr'>distribuatur</span> 
     </span>
     <span class='ocr_line' id='line_1_6' title="bbox 336 625 1715 675; baseline -0.001 -13"><span class='ocrx_word' id='word_1_43' title='bbox 336 639 407 675; x_wconf 93' lang='lat' dir='ltr'>pro</span> <span class='ocrx_word' id='word_1_44' title='bbox 438 627 571 662; x_wconf 87' lang='lat' dir='ltr'>anima</span> <span class='ocrx_word' id='word_1_45' title='bbox 609 639 696 663; x_wconf 88' lang='lat' dir='ltr'>mea</span> <span class='ocrx_word' id='word_1_46' title='bbox 734 630 775 663; x_wconf 91' lang='lat' dir='ltr'>et</span> <span class='ocrx_word' id='word_1_47' title='bbox 812 626 989 663; x_wconf 91' lang='lat' dir='ltr'>omnium</span> <span class='ocrx_word' id='word_1_48' title='bbox 1022 625 1198 662; x_wconf 89' lang='lat' dir='ltr'>fidelium</span> <span class='ocrx_word' id='word_1_49' title='bbox 1235 625 1526 664; x_wconf 79' lang='lat' dir='ltr'>defunctorum.</span> <span class='ocrx_word' id='word_1_50' title='bbox 1598 625 1715 663; x_wconf 83' lang='lat' dir='ltr'>Liber</span> 
     </span>
     <span class='ocr_line' id='line_1_7' title="bbox 338 679 1716 729; baseline -0.001 -12"><span class='ocrx_word' id='word_1_51' title='bbox 338 679 464 717; x_wconf 89' lang='lat' dir='ltr'>Biblie</span> <span class='ocrx_word' id='word_1_52' title='bbox 487 693 635 729; x_wconf 85' lang='lat' dir='ltr'>parvus</span> <span class='ocrx_word' id='word_1_53' title='bbox 659 680 906 717; x_wconf 85' lang='lat' dir='ltr'>versificatus</span> <span class='ocrx_word' id='word_1_54' title='bbox 944 692 1060 729; x_wconf 88' lang='lat' dir='ltr'>quem</span> <span class='ocrx_word' id='word_1_55' title='bbox 1089 679 1212 716; x_wconf 90' lang='lat' dir='ltr'>habui</span> <span class='ocrx_word' id='word_1_56' title='bbox 1238 679 1286 717; x_wconf 90' lang='lat' dir='ltr'>de</span> <span class='ocrx_word' id='word_1_57' title='bbox 1317 680 1490 718; x_wconf 89' lang='lat' dir='ltr'>Domino</span> <span class='ocrx_word' id='word_1_58' title='bbox 1520 680 1716 717; x_wconf 84' lang='lat' dir='ltr'>Nicholao</span> 
     </span>
     <span class='ocr_line' id='line_1_8' title="bbox 337 733 1714 783; baseline 0.001 -13"><span class='ocrx_word' id='word_1_59' title='bbox 337 734 471 783; x_wconf 81' lang='lat' dir='ltr'>Lange</span> <span class='ocrx_word' id='word_1_60' title='bbox 504 733 714 779; x_wconf 81' lang='lat' dir='ltr'>vendatur,</span> <span class='ocrx_word' id='word_1_61' title='bbox 754 739 795 771; x_wconf 90' lang='lat' dir='ltr'>et</span> <span class='ocrx_word' id='word_1_62' title='bbox 839 733 1109 771; x_wconf 82' lang='lat' dir='ltr'>distribuatur</span> <span class='ocrx_word' id='word_1_63' title='bbox 1145 746 1217 783; x_wconf 91' lang='lat' dir='ltr'>pro</span> <span class='ocrx_word' id='word_1_64' title='bbox 1254 735 1388 771; x_wconf 88' lang='lat' dir='ltr'>anima</span> <span class='ocrx_word' id='word_1_65' title='bbox 1425 748 1506 771; x_wconf 88' lang='lat' dir='ltr'>sua.</span> <span class='ocrx_word' id='word_1_66' title='bbox 1594 733 1714 771; x_wconf 86' lang='lat' dir='ltr'>Liber</span> 
     </span>
     <span class='ocr_line' id='line_1_9' title="bbox 338 787 1714 837; baseline -0.001 -12"><span class='ocrx_word' id='word_1_67' title='bbox 338 789 506 825; x_wconf 81' lang='lat' dir='ltr'>Missalis</span> <span class='ocrx_word' id='word_1_68' title='bbox 521 788 647 834; x_wconf 84' lang='lat' dir='ltr'>albus,</span> <span class='ocrx_word' id='word_1_69' title='bbox 670 788 718 826; x_wconf 91' lang='lat' dir='ltr'>de</span> <span class='ocrx_word' id='word_1_70' title='bbox 740 788 828 825; x_wconf 86' lang='lat' dir='ltr'>Usu</span> <span class='ocrx_word' id='word_1_71' title='bbox 846 788 1024 833; x_wconf 87' lang='lat' dir='ltr'>Francie,</span> <span class='ocrx_word' id='word_1_72' title='bbox 1042 801 1158 837; x_wconf 88' lang='lat' dir='ltr'>quem</span> <span class='ocrx_word' id='word_1_73' title='bbox 1179 787 1301 825; x_wconf 87' lang='lat' dir='ltr'>habui</span> <span class='ocrx_word' id='word_1_74' title='bbox 1317 788 1365 826; x_wconf 91' lang='lat' dir='ltr'>de</span> <span class='ocrx_word' id='word_1_75' title='bbox 1382 788 1554 826; x_wconf 89' lang='lat' dir='ltr'>Domino</span> <span class='ocrx_word' id='word_1_76' title='bbox 1569 789 1588 825; x_wconf 82' lang='lat' dir='ltr'>‚J</span> <span class='ocrx_word' id='word_1_77' title='bbox 1596 788 1714 825; x_wconf 90' lang='lat' dir='ltr'>ohan-</span> 
     </span>
     <span class='ocr_line' id='line_1_10' title="bbox 335 841 1714 891; baseline 0 -12"><span class='ocrx_word' id='word_1_78' title='bbox 335 856 384 880; x_wconf 90' lang='lat' dir='ltr'>ne</span> <span class='ocrx_word' id='word_1_79' title='bbox 406 842 595 880; x_wconf 69' lang='lat' dir='ltr'>Hatfeld2</span> <span class='ocrx_word' id='word_1_80' title='bbox 629 842 839 888; x_wconf 84' lang='lat' dir='ltr'>vendatur,</span> <span class='ocrx_word' id='word_1_81' title='bbox 861 847 902 880; x_wconf 86' lang='lat' dir='ltr'>et</span> <span class='ocrx_word' id='word_1_82' title='bbox 922 841 1191 879; x_wconf 85' lang='lat' dir='ltr'>distribuatur</span> <span class='ocrx_word' id='word_1_83' title='bbox 1209 855 1281 891; x_wconf 90' lang='lat' dir='ltr'>pro</span> <span class='ocrx_word' id='word_1_84' title='bbox 1300 843 1434 879; x_wconf 85' lang='lat' dir='ltr'>anima</span> <span class='ocrx_word' id='word_1_85' title='bbox 1453 856 1534 879; x_wconf 88' lang='lat' dir='ltr'>sua.</span> <span class='ocrx_word' id='word_1_86' title='bbox 1594 842 1714 879; x_wconf 87' lang='lat' dir='ltr'>Liber</span> 
     </span>
     <span class='ocr_line' id='line_1_11' title="bbox 336 895 1712 946; baseline 0 -13"><span class='ocrx_word' id='word_1_87' title='bbox 336 897 507 934; x_wconf 82' lang='lat' dir='ltr'>Missalis</span> <span class='ocrx_word' id='word_1_88' title='bbox 528 898 664 945; x_wconf 71' lang='lat' dir='ltr'>maior,</span> <span class='ocrx_word' id='word_1_89' title='bbox 688 896 736 933; x_wconf 83' lang='lat' dir='ltr'>de</span> <span class='ocrx_word' id='word_1_90' title='bbox 758 896 847 933; x_wconf 88' lang='lat' dir='ltr'>Usu</span> <span class='ocrx_word' id='word_1_91' title='bbox 870 897 1047 941; x_wconf 86' lang='lat' dir='ltr'>Francie,</span> <span class='ocrx_word' id='word_1_92' title='bbox 1065 895 1275 942; x_wconf 86' lang='lat' dir='ltr'>vendatur,</span> <span class='ocrx_word' id='word_1_93' title='bbox 1293 901 1334 933; x_wconf 88' lang='lat' dir='ltr'>et</span> <span class='ocrx_word' id='word_1_94' title='bbox 1354 896 1622 934; x_wconf 83' lang='lat' dir='ltr'>distribuatur</span> <span class='ocrx_word' id='word_1_95' title='bbox 1641 909 1712 946; x_wconf 92' lang='lat' dir='ltr'>pro</span> 
     </span>
     <span class='ocr_line' id='line_1_12' title="bbox 335 950 1712 1000; baseline 0 -13"><span class='ocrx_word' id='word_1_96' title='bbox 335 950 545 988; x_wconf 83' lang='lat' dir='ltr'>animabus</span> <span class='ocrx_word' id='word_1_97' title='bbox 594 951 769 987; x_wconf 91' lang='lat' dir='ltr'>omnium</span> <span class='ocrx_word' id='word_1_98' title='bbox 817 950 992 988; x_wconf 87' lang='lat' dir='ltr'>fidelium</span> <span class='ocrx_word' id='word_1_99' title='bbox 1034 950 1326 988; x_wconf 80' lang='lat' dir='ltr'>defunctorum.</span> <span class='ocrx_word' id='word_1_100' title='bbox 1405 950 1525 988; x_wconf 91' lang='lat' dir='ltr'>Liber</span> <span class='ocrx_word' id='word_1_101' title='bbox 1566 964 1712 1000; x_wconf 84' lang='lat' dir='ltr'>parvus</span> 
     </span>
     <span class='ocr_line' id='line_1_13' title="bbox 333 1004 1713 1054; baseline -0.001 -12"><span class='ocrx_word' id='word_1_102' title='bbox 333 1005 448 1042; x_wconf 87' lang='lat' dir='ltr'>albus</span> <span class='ocrx_word' id='word_1_103' title='bbox 469 1005 622 1042; x_wconf 84' lang='lat' dir='ltr'>Fratris</span> <span class='ocrx_word' id='word_1_104' title='bbox 642 1005 838 1042; x_wconf 75' lang='lat' dir='ltr'>,lobannis</span> <span class='ocrx_word' id='word_1_105' title='bbox 859 1004 1132 1054; x_wconf 81' lang='lat' dir='ltr'>Malberthorp</span> <span class='ocrx_word' id='word_1_106' title='bbox 1153 1004 1362 1050; x_wconf 84' lang='lat' dir='ltr'>vendatur,</span> <span class='ocrx_word' id='word_1_107' title='bbox 1384 1009 1425 1042; x_wconf 90' lang='lat' dir='ltr'>et</span> <span class='ocrx_word' id='word_1_108' title='bbox 1445 1004 1713 1042; x_wconf 82' lang='lat' dir='ltr'>distribuatur</span> 
     </span>
     <span class='ocr_line' id='line_1_14' title="bbox 333 1059 1708 1109; baseline -0.001 -13"><span class='ocrx_word' id='word_1_109' title='bbox 333 1073 404 1109; x_wconf 88' lang='lat' dir='ltr'>pro</span> <span class='ocrx_word' id='word_1_110' title='bbox 437 1060 571 1096; x_wconf 90' lang='lat' dir='ltr'>anima</span> <span class='ocrx_word' id='word_1_111' title='bbox 604 1072 685 1096; x_wconf 87' lang='lat' dir='ltr'>sua.</span> <span class='ocrx_word' id='word_1_112' title='bbox 746 1059 862 1104; x_wconf 87' lang='lat' dir='ltr'>Item,</span> <span class='ocrx_word' id='word_1_113' title='bbox 900 1072 1023 1096; x_wconf 90' lang='lat' dir='ltr'>unum</span> <span class='ocrx_word' id='word_1_114' title='bbox 1058 1072 1246 1108; x_wconf 83' lang='lat' dir='ltr'>magnum</span> <span class='ocrx_word' id='word_1_115' title='bbox 1280 1059 1590 1108; x_wconf 87' lang='lat' dir='ltr'>Portiphorium,</span> <span class='ocrx_word' id='word_1_116' title='bbox 1625 1064 1666 1096; x_wconf 88' lang='lat' dir='ltr'>et</span> <span class='ocrx_word' id='word_1_117' title='bbox 1696 1060 1708 1108; x_wconf 89' lang='lat' dir='ltr'>J</span> 
     </span>
     <span class='ocr_line' id='line_1_15' title="bbox 332 1113 1711 1163; baseline 0 -13"><span class='ocrx_word' id='word_1_118' title='bbox 332 1127 520 1163; x_wconf 80' lang='lat' dir='ltr'>magnum</span> <span class='ocrx_word' id='word_1_119' title='bbox 556 1113 911 1162; x_wconf 87' lang='lat' dir='ltr'>Antiphonarium,</span> <span class='ocrx_word' id='word_1_120' title='bbox 944 1126 1034 1150; x_wconf 90' lang='lat' dir='ltr'>cum</span> <span class='ocrx_word' id='word_1_121' title='bbox 1060 1114 1088 1162; x_wconf 85' lang='lat' dir='ltr'>ij</span> <span class='ocrx_word' id='word_1_122' title='bbox 1117 1113 1271 1163; x_wconf 83' lang='lat' dir='ltr'>magnis</span> <span class='ocrx_word' id='word_1_123' title='bbox 1299 1113 1550 1159; x_wconf 86' lang='lat' dir='ltr'>Gradalibus,</span> <span class='ocrx_word' id='word_1_124' title='bbox 1581 1113 1711 1150; x_wconf 81' lang='lat' dir='ltr'>Eccle-</span> 
     </span>
    </p>

    <p class='ocr_par' dir='ltr' id='par_1_3' title="bbox 333 1167 998 1216">
     <span class='ocr_line' id='line_1_16' title="bbox 333 1167 998 1216; baseline -0.002 -11"><span class='ocrx_word' id='word_1_125' title='bbox 333 1169 388 1205; x_wconf 85' lang='lat' dir='ltr'>sie</span> <span class='ocrx_word' id='word_1_126' title='bbox 410 1167 643 1205; x_wconf 83' lang='lat' dir='ltr'>Cathedrali</span> <span class='ocrx_word' id='word_1_127' title='bbox 665 1168 883 1204; x_wconf 81' lang='lat' dir='ltr'>Exoniensi</span> <span class='ocrx_word' id='word_1_128' title='bbox 903 1167 998 1216; x_wconf 82' lang='lat' dir='ltr'>lego.</span> 
     </span>
    </p>

    <p class='ocr_par' dir='ltr' id='par_1_4' title="bbox 276 1221 1712 1434">
     <span class='ocr_line' id='line_1_17' title="bbox 276 1221 1708 1272; baseline -0.001 -12"><span class='ocrx_word' id='word_1_129' title='bbox 276 1224 391 1268; x_wconf 82' lang='lat' dir='ltr'>Item,</span> <span class='ocrx_word' id='word_1_130' title='bbox 424 1223 511 1272; x_wconf 78' lang='lat' dir='ltr'>lego</span> <span class='ocrx_word' id='word_1_131' title='bbox 550 1221 778 1259; x_wconf 88' lang='lat' dir='ltr'>Venerabili</span> <span class='ocrx_word' id='word_1_132' title='bbox 816 1222 858 1258; x_wconf 89' lang='lat' dir='ltr'>in</span> <span class='ocrx_word' id='word_1_133' title='bbox 893 1221 1054 1258; x_wconf 84' lang='lat' dir='ltr'>Christo</span> <span class='ocrx_word' id='word_1_134' title='bbox 1088 1221 1202 1258; x_wconf 84' lang='lat' dir='ltr'>Patri</span> <span class='ocrx_word' id='word_1_135' title='bbox 1240 1225 1281 1258; x_wconf 89' lang='lat' dir='ltr'>et</span> <span class='ocrx_word' id='word_1_136' title='bbox 1313 1221 1497 1267; x_wconf 89' lang='lat' dir='ltr'>Domino,</span> <span class='ocrx_word' id='word_1_137' title='bbox 1535 1221 1708 1258; x_wconf 90' lang='lat' dir='ltr'>Domino</span> 
     </span>
     <span class='ocr_line' id='line_1_18' title="bbox 332 1275 1711 1326; baseline -0.001 -13"><span class='ocrx_word' id='word_1_138' title='bbox 332 1277 535 1314; x_wconf 77' lang='lat' dir='ltr'>willelmo</span> <span class='ocrx_word' id='word_1_139' title='bbox 565 1277 803 1326; x_wconf 76' lang='lat' dir='ltr'>Courtenay,</span> <span class='ocrx_word' id='word_1_140' title='bbox 839 1276 1119 1313; x_wconf 83' lang='lat' dir='ltr'>Cantuariensi</span> <span class='ocrx_word' id='word_1_141' title='bbox 1152 1275 1472 1325; x_wconf 86' lang='lat' dir='ltr'>Archiepiscopo,</span> <span class='ocrx_word' id='word_1_142' title='bbox 1512 1276 1711 1313; x_wconf 87' lang='lat' dir='ltr'>meliorem</span> 
     </span>
     <span class='ocr_line' id='line_1_19' title="bbox 329 1329 1712 1380; baseline -0.001 -12"><span class='ocrx_word' id='word_1_143' title='bbox 329 1332 495 1368; x_wconf 87' lang='lat' dir='ltr'>anulum</span> <span class='ocrx_word' id='word_1_144' title='bbox 526 1330 813 1375; x_wconf 85' lang='lat' dir='ltr'>Pontificalem,</span> <span class='ocrx_word' id='word_1_145' title='bbox 844 1336 885 1367; x_wconf 88' lang='lat' dir='ltr'>et</span> <span class='ocrx_word' id='word_1_146' title='bbox 915 1329 1244 1375; x_wconf 65' lang='lat' dir='ltr'>Tabernae-ulum,</span> <span class='ocrx_word' id='word_1_147' title='bbox 1266 1343 1355 1367; x_wconf 88' lang='lat' dir='ltr'>cum</span> <span class='ocrx_word' id='word_1_148' title='bbox 1379 1331 1564 1380; x_wconf 81' lang='lat' dir='ltr'>ymagine</span> <span class='ocrx_word' id='word_1_149' title='bbox 1595 1331 1712 1367; x_wconf 86' lang='lat' dir='ltr'>Beate</span> 
     </span>
     <span class='ocr_line' id='line_1_20' title="bbox 332 1383 1052 1434; baseline -0.004 -11"><span class='ocrx_word' id='word_1_150' title='bbox 332 1386 466 1431; x_wconf 82' lang='lat' dir='ltr'>Marie,</span> <span class='ocrx_word' id='word_1_151' title='bbox 489 1388 723 1434; x_wconf 78' lang='lat' dir='ltr'>argenteum</span> <span class='ocrx_word' id='word_1_152' title='bbox 743 1388 783 1421; x_wconf 91' lang='lat' dir='ltr'>et</span> <span class='ocrx_word' id='word_1_153' title='bbox 804 1383 1052 1421; x_wconf 83' lang='lat' dir='ltr'>deauratum.</span> 
     </span>
    </p>

    <p class='ocr_par' dir='ltr' id='par_1_5' title="bbox 276 1437 1710 1585">
     <span class='ocr_line' id='line_1_21' title="bbox 276 1437 1710 1489; baseline -0.003 -11"><span class='ocrx_word' id='word_1_154' title='bbox 276 1441 392 1485; x_wconf 78' lang='lat' dir='ltr'>Item,</span> <span class='ocrx_word' id='word_1_155' title='bbox 414 1440 501 1489; x_wconf 77' lang='lat' dir='ltr'>lego</span> <span class='ocrx_word' id='word_1_156' title='bbox 526 1438 755 1476; x_wconf 87' lang='lat' dir='ltr'>Venerabili</span> <span class='ocrx_word' id='word_1_157' title='bbox 781 1438 905 1481; x_wconf 85' lang='lat' dir='ltr'>Patri,</span> <span class='ocrx_word' id='word_1_158' title='bbox 930 1438 1102 1475; x_wconf 90' lang='lat' dir='ltr'>Domino</span> <span class='ocrx_word' id='word_1_159' title='bbox 1130 1437 1328 1475; x_wconf 75' lang='lat' dir='ltr'>willelmo</span> <span class='ocrx_word' id='word_1_160' title='bbox 1360 1437 1568 1487; x_wconf 75' lang='lat' dir='ltr'>Wykham‚</span> <span class='ocrx_word' id='word_1_161' title='bbox 1590 1438 1710 1487; x_wconf 57' lang='lat' dir='ltr'>lVyn-</span> 
     </span>
     <span class='ocr_line' id='line_1_22' title="bbox 330 1491 1709 1542; baseline -0.002 -11"><span class='ocrx_word' id='word_1_162' title='bbox 330 1494 503 1531; x_wconf 84' lang='lat' dir='ltr'>toniensi</span> <span class='ocrx_word' id='word_1_163' title='bbox 536 1493 739 1542; x_wconf 79' lang='lat' dir='ltr'>Episcopo,</span> <span class='ocrx_word' id='word_1_164' title='bbox 762 1505 887 1529; x_wconf 91' lang='lat' dir='ltr'>unum</span> <span class='ocrx_word' id='word_1_165' title='bbox 913 1492 1089 1538; x_wconf 88' lang='lat' dir='ltr'>anulum,</span> <span class='ocrx_word' id='word_1_166' title='bbox 1112 1496 1153 1529; x_wconf 89' lang='lat' dir='ltr'>et</span> <span class='ocrx_word' id='word_1_167' title='bbox 1171 1493 1184 1541; x_wconf 84' lang='lat' dir='ltr'>J&#39;</span> <span class='ocrx_word' id='word_1_168' title='bbox 1213 1505 1286 1541; x_wconf 89' lang='lat' dir='ltr'>par</span> <span class='ocrx_word' id='word_1_169' title='bbox 1314 1491 1553 1528; x_wconf 85' lang='lat' dir='ltr'>botellarum</span> <span class='ocrx_word' id='word_1_170' title='bbox 1573 1504 1709 1541; x_wconf 84' lang='lat' dir='ltr'>argen-</span> 
     </span>
     <span class='ocr_line' id='line_1_23' title="bbox 329 1547 800 1585; baseline -0.006 0"><span class='ocrx_word' id='word_1_171' title='bbox 329 1553 485 1585; x_wconf 83' lang='lat' dir='ltr'>tearum</span> <span class='ocrx_word' id='word_1_172' title='bbox 506 1547 800 1584; x_wconf 85' lang='lat' dir='ltr'>deauratarum.</span> 
     </span>
    </p>

    <p class='ocr_par' dir='ltr' id='par_1_6' title="bbox 275 1599 1709 1760">
     <span class='ocr_line' id='line_1_24' title="bbox 275 1599 1709 1651; baseline -0.003 -11"><span class='ocrx_word' id='word_1_173' title='bbox 275 1603 392 1648; x_wconf 89' lang='lat' dir='ltr'>Item,</span> <span class='ocrx_word' id='word_1_174' title='bbox 414 1603 500 1651; x_wconf 81' lang='lat' dir='ltr'>lego</span> <span class='ocrx_word' id='word_1_175' title='bbox 521 1600 755 1638; x_wconf 84' lang='lat' dir='ltr'>Venerabili</span> <span class='ocrx_word' id='word_1_176' title='bbox 776 1600 901 1645; x_wconf 89' lang='lat' dir='ltr'>Patri,</span> <span class='ocrx_word' id='word_1_177' title='bbox 925 1600 1118 1649; x_wconf 77' lang='lat' dir='ltr'>Magistro</span> <span class='ocrx_word' id='word_1_178' title='bbox 1139 1599 1317 1636; x_wconf 84' lang='lat' dir='ltr'>Radulfo</span> <span class='ocrx_word' id='word_1_179' title='bbox 1338 1599 1499 1649; x_wconf 84' lang='lat' dir='ltr'>Ergum,</span> <span class='ocrx_word' id='word_1_180' title='bbox 1522 1599 1709 1637; x_wconf 85' lang='lat' dir='ltr'>Bathoni-</span> 
     </span>
     <span class='ocr_line' id='line_1_25' title="bbox 328 1653 1708 1704; baseline -0.002 -11"><span class='ocrx_word' id='word_1_181' title='bbox 328 1657 413 1694; x_wconf 86' lang='lat' dir='ltr'>ensi</span> <span class='ocrx_word' id='word_1_182' title='bbox 444 1662 484 1693; x_wconf 91' lang='lat' dir='ltr'>et</span> <span class='ocrx_word' id='word_1_183' title='bbox 511 1655 706 1692; x_wconf 50' lang='lat' dir='ltr'>lVellensi</span> <span class='ocrx_word' id='word_1_184' title='bbox 734 1655 940 1704; x_wconf 82' lang='lat' dir='ltr'>Episcopo,</span> <span class='ocrx_word' id='word_1_185' title='bbox 962 1667 1085 1691; x_wconf 89' lang='lat' dir='ltr'>unum</span> <span class='ocrx_word' id='word_1_186' title='bbox 1106 1654 1283 1699; x_wconf 89' lang='lat' dir='ltr'>anulum,</span> <span class='ocrx_word' id='word_1_187' title='bbox 1314 1658 1355 1691; x_wconf 84' lang='lat' dir='ltr'>et</span> <span class='ocrx_word' id='word_1_188' title='bbox 1380 1655 1392 1703; x_wconf 84' lang='lat' dir='ltr'>J&#39;</span> <span class='ocrx_word' id='word_1_189' title='bbox 1422 1653 1624 1703; x_wconf 85' lang='lat' dir='ltr'>paxbrede</span> <span class='ocrx_word' id='word_1_190' title='bbox 1650 1667 1708 1690; x_wconf 85' lang='lat' dir='ltr'>ar-</span> 
     </span>
     <span class='ocr_line' id='line_1_26' title="bbox 329 1709 784 1760; baseline -0.007 -12"><span class='ocrx_word' id='word_1_191' title='bbox 329 1715 517 1760; x_wconf 80' lang='lat' dir='ltr'>genteum</span> <span class='ocrx_word' id='word_1_192' title='bbox 537 1709 784 1746; x_wconf 86' lang='lat' dir='ltr'>deauratum.</span> 
     </span>
    </p>

    <p class='ocr_par' dir='ltr' id='par_1_7' title="bbox 273 1761 1709 1869">
     <span class='ocr_line' id='line_1_27' title="bbox 273 1761 1709 1814; baseline -0.003 -12"><span class='ocrx_word' id='word_1_193' title='bbox 273 1766 389 1810; x_wconf 87' lang='lat' dir='ltr'>Item,</span> <span class='ocrx_word' id='word_1_194' title='bbox 412 1765 499 1814; x_wconf 84' lang='lat' dir='ltr'>lego</span> <span class='ocrx_word' id='word_1_195' title='bbox 521 1764 713 1813; x_wconf 82' lang='lat' dir='ltr'>Magistro</span> <span class='ocrx_word' id='word_1_196' title='bbox 733 1763 890 1812; x_wconf 84' lang='lat' dir='ltr'>Rogero</span> <span class='ocrx_word' id='word_1_197' title='bbox 911 1762 1041 1812; x_wconf 65' lang='lat' dir='ltr'>Payn³³</span> <span class='ocrx_word' id='word_1_198' title='bbox 1067 1763 1079 1811; x_wconf 91' lang='lat' dir='ltr'><strong>j</strong></span> <span class='ocrx_word' id='word_1_199' title='bbox 1106 1761 1267 1811; x_wconf 89' lang='lat' dir='ltr'>ciphum</span> <span class='ocrx_word' id='word_1_200' title='bbox 1287 1766 1521 1811; x_wconf 82' lang='lat' dir='ltr'>argenteum</span> <span class='ocrx_word' id='word_1_201' title='bbox 1541 1775 1630 1799; x_wconf 89' lang='lat' dir='ltr'>cum</span> <span class='ocrx_word' id='word_1_202' title='bbox 1650 1774 1709 1798; x_wconf 84' lang='lat' dir='ltr'>co-</span> 
     </span>
     <span class='ocr_line' id='line_1_28' title="bbox 329 1819 524 1869; baseline -0.01 -12"><span class='ocrx_word' id='word_1_203' title='bbox 329 1819 524 1869; x_wconf 78' lang='lat' dir='ltr'>operculo.</span> 
     </span>
    </p>

    <p class='ocr_par' dir='ltr' id='par_1_8' title="bbox 273 1871 1706 1975">
     <span class='ocr_line' id='line_1_29' title="bbox 273 1871 1706 1923; baseline -0.003 -12"><span class='ocrx_word' id='word_1_204' title='bbox 273 1875 389 1919; x_wconf 86' lang='lat' dir='ltr'>Item,</span> <span class='ocrx_word' id='word_1_205' title='bbox 421 1873 507 1923; x_wconf 81' lang='lat' dir='ltr'>lego</span> <span class='ocrx_word' id='word_1_206' title='bbox 538 1872 711 1909; x_wconf 91' lang='lat' dir='ltr'>Domino</span> <span class='ocrx_word' id='word_1_207' title='bbox 732 1871 930 1908; x_wconf 79' lang='lat' dir='ltr'>willelmo</span> <span class='ocrx_word' id='word_1_208' title='bbox 957 1871 1127 1920; x_wconf 77' lang='lat' dir='ltr'>Erinyn⁴</span> <span class='ocrx_word' id='word_1_209' title='bbox 1148 1883 1272 1907; x_wconf 91' lang='lat' dir='ltr'>unum</span> <span class='ocrx_word' id='word_1_210' title='bbox 1293 1871 1454 1921; x_wconf 84' lang='lat' dir='ltr'>ciphum</span> <span class='ocrx_word' id='word_1_211' title='bbox 1474 1874 1706 1919; x_wconf 82' lang='lat' dir='ltr'>argenteum</span> 
     </span>
     <span class='ocr_line' id='line_1_30' title="bbox 325 1925 932 1975; baseline -0.007 -10"><span class='ocrx_word' id='word_1_212' title='bbox 325 1928 562 1965; x_wconf 85' lang='lat' dir='ltr'>deauratum</span> <span class='ocrx_word' id='word_1_213' title='bbox 583 1940 672 1963; x_wconf 87' lang='lat' dir='ltr'>cum</span> <span class='ocrx_word' id='word_1_214' title='bbox 692 1925 932 1975; x_wconf 86' lang='lat' dir='ltr'>cooperculo.</span> 
     </span>
    </p>

    <p class='ocr_par' dir='ltr' id='par_1_9' title="bbox 278 1978 1738 2140">
     <span class='ocr_line' id='line_1_31' title="bbox 278 1978 1705 2028; baseline -0.003 -8"><span class='ocrx_word' id='word_1_215' title='bbox 278 1984 388 2028; x_wconf 85' lang='lat' dir='ltr'>Item,</span> <span class='ocrx_word' id='word_1_216' title='bbox 421 1981 585 2018; x_wconf 84' lang='lat' dir='ltr'>cuilibet</span> <span class='ocrx_word' id='word_1_217' title='bbox 614 1981 831 2017; x_wconf 82' lang='lat' dir='ltr'>Executori</span> <span class='ocrx_word' id='word_1_218' title='bbox 856 1992 953 2024; x_wconf 92' lang='lat' dir='ltr'>meo,</span> <span class='ocrx_word' id='word_1_219' title='bbox 981 1993 1080 2016; x_wconf 90' lang='lat' dir='ltr'>onus</span> <span class='ocrx_word' id='word_1_220' title='bbox 1112 1980 1484 2017; x_wconf 84' lang='lat' dir='ltr'>Administracionis</span> <span class='ocrx_word' id='word_1_221' title='bbox 1510 1978 1705 2016; x_wconf 87' lang='lat' dir='ltr'>bonorum</span> 
     </span>
     <span class='ocr_line' id='line_1_32' title="bbox 327 2032 1738 2084; baseline -0.002 -11"><span class='ocrx_word' id='word_1_222' title='bbox 327 2049 502 2073; x_wconf 90' lang='lat' dir='ltr'>meorum</span> <span class='ocrx_word' id='word_1_223' title='bbox 523 2034 656 2072; x_wconf 89' lang='lat' dir='ltr'>subire</span> <span class='ocrx_word' id='word_1_224' title='bbox 678 2035 828 2071; x_wconf 84' lang='lat' dir='ltr'>volenti</span> <span class='ocrx_word' id='word_1_225' title='bbox 848 2039 888 2071; x_wconf 89' lang='lat' dir='ltr'>et</span> <span class='ocrx_word' id='word_1_226' title='bbox 915 2034 1076 2071; x_wconf 77' lang='lat' dir='ltr'>valenti.</span> <span class='ocrx_word' id='word_1_227' title='bbox 1100 2034 1186 2084; x_wconf 80' lang='lat' dir='ltr'>lego</span> <span class='ocrx_word' id='word_1_228' title='bbox 1216 2034 1276 2072; x_wconf 80' lang='lat' dir='ltr'>Cs.</span> <span class='ocrx_word' id='word_1_229' title='bbox 1294 2047 1304 2080; x_wconf 73' lang='lat'><em>3</em></span> <span class='ocrx_word' id='word_1_230' title='bbox 1338 2038 1378 2071; x_wconf 89' lang='lat' dir='ltr'>et</span> <span class='ocrx_word' id='word_1_231' title='bbox 1405 2033 1509 2083; x_wconf 85' lang='lat' dir='ltr'>quod</span> <span class='ocrx_word' id='word_1_232' title='bbox 1530 2032 1705 2070; x_wconf 84' lang='lat' dir='ltr'>habeant</span> <span class='ocrx_word' id='word_1_233' title='bbox 1735 2063 1738 2066; x_wconf 32' lang='lat'><strong>⁴</strong></span> 
     </span>
     <span class='ocr_line' id='line_1_33' title="bbox 326 2087 1594 2140; baseline -0.003 -13"><span class='ocrx_word' id='word_1_234' title='bbox 326 2104 397 2140; x_wconf 90' lang='lat' dir='ltr'>pro</span> <span class='ocrx_word' id='word_1_235' title='bbox 411 2103 547 2127; x_wconf 91' lang='lat' dir='ltr'>eorum</span> <span class='ocrx_word' id='word_1_236' title='bbox 567 2088 701 2126; x_wconf 86' lang='lat' dir='ltr'>labore</span> <span class='ocrx_word' id='word_1_237' title='bbox 720 2089 838 2136; x_wconf 84' lang='lat' dir='ltr'>juxta</span> <span class='ocrx_word' id='word_1_238' title='bbox 858 2087 1070 2125; x_wconf 82' lang='lat' dir='ltr'>arbitrium</span> <span class='ocrx_word' id='word_1_239' title='bbox 1092 2088 1296 2125; x_wconf 84' lang='lat' dir='ltr'>Ordinarii</span> <span class='ocrx_word' id='word_1_240' title='bbox 1317 2089 1357 2125; x_wconf 91' lang='lat' dir='ltr'>in</span> <span class='ocrx_word' id='word_1_241' title='bbox 1379 2088 1451 2125; x_wconf 84' lang='lat' dir='ltr'>hae</span> <span class='ocrx_word' id='word_1_242' title='bbox 1471 2093 1594 2137; x_wconf 86' lang='lat' dir='ltr'>parte.</span> 
     </span>
    </p>

    <p class='ocr_par' dir='ltr' id='par_1_10' title="bbox 273 2142 1703 2236">
     <span class='ocr_line' id='line_1_34' title="bbox 273 2142 1703 2193; baseline -0.003 -10"><span class='ocrx_word' id='word_1_243' title='bbox 273 2147 386 2189; x_wconf 80' lang='lat' dir='ltr'>Item,</span> <span class='ocrx_word' id='word_1_244' title='bbox 408 2145 495 2193; x_wconf 77' lang='lat' dir='ltr'>lego</span> <span class='ocrx_word' id='word_1_245' title='bbox 518 2143 688 2181; x_wconf 80' lang='lat' dir='ltr'>Ecclesie</span> <span class='ocrx_word' id='word_1_246' title='bbox 709 2142 757 2180; x_wconf 89' lang='lat' dir='ltr'>de</span> <span class='ocrx_word' id='word_1_247' title='bbox 779 2142 1098 2192; x_wconf 65' lang='lat' dir='ltr'>Bra11tynghau15</span> <span class='ocrx_word' id='word_1_248' title='bbox 1119 2157 1242 2180; x_wconf 90' lang='lat' dir='ltr'>unum</span> <span class='ocrx_word' id='word_1_249' title='bbox 1262 2156 1335 2192; x_wconf 88' lang='lat' dir='ltr'>par</span> <span class='ocrx_word' id='word_1_250' title='bbox 1348 2143 1703 2187; x_wconf 82' lang='lat' dir='ltr'>Vestimentorum,</span> 
     </span>
     <span class='ocr_line' id='line_1_35' title="bbox 327 2199 977 2236; baseline 0 -1"><span class='ocrx_word' id='word_1_251' title='bbox 327 2199 388 2236; x_wconf 75' lang='lat' dir='ltr'>vel</span> <span class='ocrx_word' id='word_1_252' title='bbox 408 2199 450 2235; x_wconf 79' lang='lat' dir='ltr'>ls.</span> <span class='ocrx_word' id='word_1_253' title='bbox 971 2230 977 2235; x_wconf 90' lang='lat'>.</span> 
     </span>
    </p>

    <p class='ocr_par' dir='ltr' id='par_1_11' title="bbox 272 2249 1706 2409">
     <span class='ocr_line' id='line_1_36' title="bbox 272 2249 1706 2300; baseline -0.002 -10"><span class='ocrx_word' id='word_1_254' title='bbox 272 2254 388 2295; x_wconf 82' lang='lat' dir='ltr'>Item,</span> <span class='ocrx_word' id='word_1_255' title='bbox 413 2252 587 2289; x_wconf 83' lang='lat' dir='ltr'>Ecclesie</span> <span class='ocrx_word' id='word_1_256' title='bbox 616 2250 664 2287; x_wconf 89' lang='lat' dir='ltr'>de</span> <span class='ocrx_word' id='word_1_257' title='bbox 694 2249 901 2300; x_wconf 72' lang='lat' dir='ltr'>Ayssheby</span> <span class='ocrx_word' id='word_1_258' title='bbox 930 2251 1055 2300; x_wconf 84' lang='lat' dir='ltr'>Davy,</span> <span class='ocrx_word' id='word_1_259' title='bbox 1086 2251 1260 2288; x_wconf 83' lang='lat' dir='ltr'>Ecclesie</span> <span class='ocrx_word' id='word_1_260' title='bbox 1287 2251 1426 2287; x_wconf 84' lang='lat' dir='ltr'>Sancti</span> <span class='ocrx_word' id='word_1_261' title='bbox 1453 2250 1638 2288; x_wconf 87' lang='lat' dir='ltr'>Nicholai</span> <span class='ocrx_word' id='word_1_262' title='bbox 1657 2249 1706 2287; x_wconf 86' lang='lat' dir='ltr'>de</span> 
     </span>
     <span class='ocr_line' id='line_1_37' title="bbox 343 2303 1704 2354; baseline -0.001 -11"><span class='ocrx_word' id='word_1_263' title='bbox 343 2306 576 2350; x_wconf 71' lang='lat' dir='ltr'>3ernewelle,</span> <span class='ocrx_word' id='word_1_264' title='bbox 607 2305 781 2342; x_wconf 84' lang='lat' dir='ltr'>Ecclesie</span> <span class='ocrx_word' id='word_1_265' title='bbox 809 2305 945 2341; x_wconf 83' lang='lat' dir='ltr'>Sancti</span> <span class='ocrx_word' id='word_1_266' title='bbox 976 2304 1162 2342; x_wconf 86' lang='lat' dir='ltr'>Nicholai</span> <span class='ocrx_word' id='word_1_267' title='bbox 1182 2305 1218 2341; x_wconf 91' lang='lat' dir='ltr'>Ie</span> <span class='ocrx_word' id='word_1_268' title='bbox 1242 2303 1505 2354; x_wconf 80' lang='lat' dir='ltr'>Coldeabbey.</span> <span class='ocrx_word' id='word_1_269' title='bbox 1530 2305 1704 2342; x_wconf 86' lang='lat' dir='ltr'>Ecclesie</span> 
     </span>
     <span class='ocr_line' id='line_1_38' title="bbox 325 2358 1705 2409; baseline -0.003 -10"><span class='ocrx_word' id='word_1_270' title='bbox 325 2361 373 2399; x_wconf 90' lang='lat' dir='ltr'>de</span> <span class='ocrx_word' id='word_1_271' title='bbox 395 2361 580 2409; x_wconf 81' lang='lat' dir='ltr'>Hogtone</span> <span class='ocrx_word' id='word_1_272' title='bbox 599 2360 718 2408; x_wconf 83' lang='lat' dir='ltr'>juxta</span> <span class='ocrx_word' id='word_1_273' title='bbox 738 2358 1019 2409; x_wconf 80' lang='lat' dir='ltr'>Leycestriam,</span> <span class='ocrx_word' id='word_1_274' title='bbox 1044 2359 1218 2396; x_wconf 86' lang='lat' dir='ltr'>Ecclesie</span> <span class='ocrx_word' id='word_1_275' title='bbox 1240 2359 1386 2396; x_wconf 81' lang='lat' dir='ltr'>Sancte</span> <span class='ocrx_word' id='word_1_276' title='bbox 1404 2359 1567 2408; x_wconf 82' lang='lat' dir='ltr'>Agnetis</span> <span class='ocrx_word' id='word_1_277' title='bbox 1587 2360 1705 2408; x_wconf 82' lang='lat' dir='ltr'>juxta</span> 
     </span>
    </p>
   </div>
   <div class='ocr_carea' id='block_1_3' title="bbox 222 2427 1640 2449">
    <p class='ocr_par' dir='ltr' id='par_1_12' title="bbox 222 2427 1640 2449">
     <span class='ocr_line' id='line_1_39' title="bbox 222 2427 1640 2449; baseline 0 0"><span class='ocrx_word' id='word_1_278' title='bbox 222 2427 1640 2449; x_wconf 95' lang='lat' dir='ltr'> </span> 
     </span>
    </p>
   </div>
   <div class='ocr_carea' id='block_1_4' title="bbox 161 2469 1706 2908">
    <p class='ocr_par' dir='ltr' id='par_1_13' title="bbox 161 2469 1706 2557">
     <span class='ocr_line' id='line_1_40' title="bbox 161 2469 1706 2507; baseline -0.003 -3"><span class='ocrx_word' id='word_1_279' title='bbox 161 2475 169 2495; x_wconf 76' lang='lat'>¹</span> <span class='ocrx_word' id='word_1_280' title='bbox 189 2473 416 2504; x_wconf 81' lang='lat' dir='ltr'>Archdeacon</span> <span class='ocrx_word' id='word_1_281' title='bbox 441 2471 478 2501; x_wconf 82' lang='lat' dir='ltr'>of</span> <span class='ocrx_word' id='word_1_282' title='bbox 503 2470 665 2501; x_wconf 84' lang='lat' dir='ltr'>Lincoln:</span> <span class='ocrx_word' id='word_1_283' title='bbox 688 2470 732 2499; x_wconf 89' lang='grc'>116</span> <span class='ocrx_word' id='word_1_284' title='bbox 757 2469 835 2499; x_wconf 84' lang='lat' dir='ltr'>died</span> <span class='ocrx_word' id='word_1_285' title='bbox 860 2470 903 2499; x_wconf 89' lang='lat'>30</span> <span class='ocrx_word' id='word_1_286' title='bbox 1015 2469 1051 2499; x_wconf 84' lang='lat' dir='ltr'>of</span> <span class='ocrx_word' id='word_1_287' title='bbox 1070 2470 1174 2507; x_wconf 85' lang='lat' dir='ltr'>York,</span> <span class='ocrx_word' id='word_1_288' title='bbox 1193 2469 1261 2500; x_wconf 86' lang='lat' dir='ltr'>and</span> <span class='ocrx_word' id='word_1_289' title='bbox 1286 2470 1365 2499; x_wconf 89' lang='lat' dir='ltr'>held</span> <span class='ocrx_word' id='word_1_290' title='bbox 1383 2470 1409 2500; x_wconf 87' lang='lat' dir='ltr'>it</span> <span class='ocrx_word' id='word_1_291' title='bbox 1426 2470 1479 2499; x_wconf 88' lang='lat' dir='ltr'>till</span> <span class='ocrx_word' id='word_1_292' title='bbox 1500 2470 1560 2500; x_wconf 87' lang='lat' dir='ltr'>the</span> <span class='ocrx_word' id='word_1_293' title='bbox 1577 2470 1644 2500; x_wconf 79' lang='lat' dir='ltr'>end</span> <span class='ocrx_word' id='word_1_294' title='bbox 1669 2470 1706 2500; x_wconf 83' lang='lat' dir='ltr'>of</span> 
     </span>
     <span class='ocr_line' id='line_1_41' title="bbox 206 2512 1703 2557; baseline -0.003 -10"><span class='ocrx_word' id='word_1_295' title='bbox 206 2518 297 2557; x_wconf 72' lang='lat' dir='ltr'>May,</span> <span class='ocrx_word' id='word_1_296' title='bbox 317 2516 411 2547; x_wconf 83' lang='lat'>1386.</span> <span class='ocrx_word' id='word_1_297' title='bbox 1017 2514 1100 2544; x_wconf 74' lang='lat'>1401</span> <span class='ocrx_word' id='word_1_298' title='bbox 1121 2512 1181 2553; x_wconf 81' lang='lat' dir='ltr'>(Le</span> <span class='ocrx_word' id='word_1_299' title='bbox 1198 2514 1294 2551; x_wconf 68' lang='lat' dir='ltr'>Neve,</span> <span class='ocrx_word' id='word_1_300' title='bbox 1312 2514 1377 2544; x_wconf 82' lang='lat' dir='ltr'>vol.</span> <span class='ocrx_word' id='word_1_301' title='bbox 1394 2514 1442 2552; x_wconf 87' lang='lat' dir='ltr'>iii,</span> <span class='ocrx_word' id='word_1_302' title='bbox 1460 2525 1492 2554; x_wconf 91' lang='lat' dir='ltr'>p.</span> <span class='ocrx_word' id='word_1_303' title='bbox 1508 2513 1604 2553; x_wconf 82' lang='lat'>203).</span> <span class='ocrx_word' id='word_1_304' title='bbox 1650 2514 1703 2544; x_wconf 91' lang='lat' dir='ltr'>He</span> 
     </span>
    </p>

    <p class='ocr_par' dir='ltr' id='par_1_14' title="bbox 162 2558 1702 2644">
     <span class='ocr_line' id='line_1_42' title="bbox 162 2558 1702 2598; baseline -0.003 -6"><span class='ocrx_word' id='word_1_305' title='bbox 162 2562 173 2578; x_wconf 68' lang='lat'>&#39;³</span> <span class='ocrx_word' id='word_1_306' title='bbox 193 2563 247 2592; x_wconf 91' lang='lat' dir='ltr'>He</span> <span class='ocrx_word' id='word_1_307' title='bbox 275 2571 395 2591; x_wconf 83' lang='lat' dir='ltr'>occurs</span> <span class='ocrx_word' id='word_1_308' title='bbox 420 2570 458 2590; x_wconf 80' lang='lat' dir='ltr'>as</span> <span class='ocrx_word' id='word_1_309' title='bbox 486 2560 613 2589; x_wconf 66' lang='lat' dir='ltr'>Rector</span> <span class='ocrx_word' id='word_1_310' title='bbox 640 2558 677 2588; x_wconf 83' lang='lat' dir='ltr'>of</span> <span class='ocrx_word' id='word_1_311' title='bbox 706 2558 901 2595; x_wconf 78' lang='lat' dir='ltr'>Shalstone,</span> <span class='ocrx_word' id='word_1_312' title='bbox 1015 2568 1086 2588; x_wconf 80' lang='lat' dir='ltr'>was</span> <span class='ocrx_word' id='word_1_313' title='bbox 1108 2568 1172 2588; x_wconf 90' lang='lat' dir='ltr'>one</span> <span class='ocrx_word' id='word_1_314' title='bbox 1197 2558 1234 2588; x_wconf 87' lang='lat' dir='ltr'>of</span> <span class='ocrx_word' id='word_1_315' title='bbox 1258 2558 1316 2588; x_wconf 82' lang='lat' dir='ltr'>the</span> <span class='ocrx_word' id='word_1_316' title='bbox 1335 2558 1493 2598; x_wconf 73' lang='lat' dir='ltr'>Bishop&#39;s</span> <span class='ocrx_word' id='word_1_317' title='bbox 1513 2559 1702 2588; x_wconf 83' lang='lat' dir='ltr'>Executors</span> 
     </span>
     <span class='ocr_line' id='line_1_43' title="bbox 209 2600 1244 2644; baseline -0.004 -8"><span class='ocrx_word' id='word_1_318' title='bbox 209 2606 323 2636; x_wconf 77' lang='lat' dir='ltr'>Bucks</span> <span class='ocrx_word' id='word_1_319' title='bbox 338 2604 499 2644; x_wconf 80' lang='lat' dir='ltr'>(Diocese</span> <span class='ocrx_word' id='word_1_320' title='bbox 517 2603 553 2633; x_wconf 87' lang='lat' dir='ltr'>of</span> <span class='ocrx_word' id='word_1_321' title='bbox 571 2600 744 2641; x_wconf 85' lang='lat' dir='ltr'>Lincoln),</span> <span class='ocrx_word' id='word_1_322' title='bbox 756 2602 790 2631; x_wconf 93' lang='lat' dir='ltr'>in</span> <span class='ocrx_word' id='word_1_323' title='bbox 806 2603 900 2632; x_wconf 78' lang='lat'>1349.</span> <span class='ocrx_word' id='word_1_324' title='bbox 1019 2600 1084 2641; x_wconf 80' lang='lat' dir='ltr'>(see</span> <span class='ocrx_word' id='word_1_325' title='bbox 1101 2613 1133 2642; x_wconf 82' lang='lat' dir='ltr'>p.</span> <span class='ocrx_word' id='word_1_326' title='bbox 1151 2600 1244 2641; x_wconf 78' lang='lat'>748).</span> 
     </span>
    </p>

    <p class='ocr_par' dir='ltr' id='par_1_15' title="bbox 161 2644 1701 2778">
     <span class='ocr_line' id='line_1_44' title="bbox 161 2644 1700 2684; baseline -0.003 -4"><span class='ocrx_word' id='word_1_327' title='bbox 161 2649 174 2668; x_wconf 72' lang='lat'>‘⁵</span> <span class='ocrx_word' id='word_1_328' title='bbox 192 2651 245 2680; x_wconf 88' lang='lat' dir='ltr'>He</span> <span class='ocrx_word' id='word_1_329' title='bbox 264 2650 343 2679; x_wconf 84' lang='lat' dir='ltr'>held</span> <span class='ocrx_word' id='word_1_330' title='bbox 366 2649 497 2679; x_wconf 73' lang='lat' dir='ltr'>several</span> <span class='ocrx_word' id='word_1_331' title='bbox 525 2648 649 2677; x_wconf 69' lang='lat' dir='ltr'>Officos</span> <span class='ocrx_word' id='word_1_332' title='bbox 675 2646 743 2676; x_wconf 86' lang='lat' dir='ltr'>and</span> <span class='ocrx_word' id='word_1_333' title='bbox 764 2646 899 2676; x_wconf 68' lang='lat' dir='ltr'>Prefer-</span> <span class='ocrx_word' id='word_1_334' title='bbox 968 2644 981 2664; x_wconf 80' lang='lat'>⁵</span> <span class='ocrx_word' id='word_1_335' title='bbox 999 2647 1040 2676; x_wconf 90' lang='lat' dir='ltr'>In</span> <span class='ocrx_word' id='word_1_336' title='bbox 1069 2647 1129 2676; x_wconf 86' lang='grc'>1116</span> <span class='ocrx_word' id='word_1_337' title='bbox 1163 2647 1246 2676; x_wconf 86' lang='lat' dir='ltr'>East</span> <span class='ocrx_word' id='word_1_338' title='bbox 1282 2646 1410 2684; x_wconf 66' lang='lat' dir='ltr'>Riding</span> <span class='ocrx_word' id='word_1_339' title='bbox 1437 2646 1474 2676; x_wconf 83' lang='lat' dir='ltr'>of</span> <span class='ocrx_word' id='word_1_340' title='bbox 1500 2646 1700 2682; x_wconf 84' lang='lat' dir='ltr'>Yorkshire,</span> 
     </span>
     <span class='ocr_line' id='line_1_45' title="bbox 206 2690 1701 2730; baseline -0.003 -6"><span class='ocrx_word' id='word_1_341' title='bbox 206 2700 332 2730; x_wconf 78' lang='lat' dir='ltr'>ments,</span> <span class='ocrx_word' id='word_1_342' title='bbox 363 2693 431 2723; x_wconf 79' lang='lat' dir='ltr'>and</span> <span class='ocrx_word' id='word_1_343' title='bbox 463 2692 517 2721; x_wconf 80' lang='lat' dir='ltr'>his</span> <span class='ocrx_word' id='word_1_344' title='bbox 548 2701 651 2721; x_wconf 76' lang='lat' dir='ltr'>name</span> <span class='ocrx_word' id='word_1_345' title='bbox 683 2701 803 2721; x_wconf 83' lang='lat' dir='ltr'>occurs</span> <span class='ocrx_word' id='word_1_346' title='bbox 831 2690 898 2720; x_wconf 70' lang='lat' dir='ltr'>fro·</span> <span class='ocrx_word' id='word_1_347' title='bbox 1012 2691 1225 2720; x_wconf 73' lang='lat' dir='ltr'>nearSouth</span> <span class='ocrx_word' id='word_1_348' title='bbox 1244 2690 1346 2721; x_wconf 85' lang='lat' dir='ltr'>Cave.</span> <span class='ocrx_word' id='word_1_349' title='bbox 1394 2691 1465 2720; x_wconf 74' lang='lat' dir='ltr'>The</span> <span class='ocrx_word' id='word_1_350' title='bbox 1484 2690 1613 2729; x_wconf 86' lang='lat' dir='ltr'>Bishop</span> <span class='ocrx_word' id='word_1_351' title='bbox 1630 2700 1701 2719; x_wconf 81' lang='lat' dir='ltr'>was</span> 
     </span>
     <span class='ocr_line' id='line_1_46' title="bbox 207 2734 1701 2778; baseline -0.003 -10"><span class='ocrx_word' id='word_1_352' title='bbox 207 2738 351 2778; x_wconf 72' lang='lat' dir='ltr'>quently</span> <span class='ocrx_word' id='word_1_353' title='bbox 369 2738 403 2767; x_wconf 89' lang='grc'>111</span> <span class='ocrx_word' id='word_1_354' title='bbox 421 2737 493 2766; x_wconf 78' lang='lat' dir='ltr'>this</span> <span class='ocrx_word' id='word_1_355' title='bbox 511 2736 682 2773; x_wconf 55' lang='lat' dir='ltr'>Register.</span> <span class='ocrx_word' id='word_1_356' title='bbox 1012 2735 1099 2764; x_wconf 83' lang='lat' dir='ltr'>born</span> <span class='ocrx_word' id='word_1_357' title='bbox 1116 2735 1226 2765; x_wconf 84' lang='lat' dir='ltr'>there.</span> <span class='ocrx_word' id='word_1_358' title='bbox 1274 2735 1332 2765; x_wconf 84' lang='lat' dir='ltr'>Dr.</span> <span class='ocrx_word' id='word_1_359' title='bbox 1351 2735 1477 2771; x_wconf 83' lang='lat' dir='ltr'>Oliver,</span> <span class='ocrx_word' id='word_1_360' title='bbox 1495 2735 1531 2764; x_wconf 90' lang='lat' dir='ltr'>in</span> <span class='ocrx_word' id='word_1_361' title='bbox 1555 2734 1609 2764; x_wconf 83' lang='lat' dir='ltr'>his</span> <span class='ocrx_word' id='word_1_362' title='bbox 1630 2734 1701 2771; x_wconf 79' lang='lat' dir='ltr'>Life</span> 
     </span>
    </p>

    <p class='ocr_par' dir='ltr' id='par_1_16' title="bbox 161 2778 1698 2908">
     <span class='ocr_line' id='line_1_47' title="bbox 161 2778 1697 2820; baseline -0.004 -7"><span class='ocrx_word' id='word_1_363' title='bbox 161 2782 172 2801; x_wconf 81' lang='lat'><strong>⁴</strong></span> <span class='ocrx_word' id='word_1_364' title='bbox 192 2783 341 2813; x_wconf 78' lang='lat' dir='ltr'>william</span> <span class='ocrx_word' id='word_1_365' title='bbox 371 2782 413 2811; x_wconf 83' lang='lat' dir='ltr'>de</span> <span class='ocrx_word' id='word_1_366' title='bbox 446 2781 670 2820; x_wconf 69' lang='lat' dir='ltr'>Ayremynne</span> <span class='ocrx_word' id='word_1_367' title='bbox 703 2788 773 2809; x_wconf 83' lang='lat' dir='ltr'>was</span> <span class='ocrx_word' id='word_1_368' title='bbox 807 2778 895 2818; x_wconf 83' lang='lat' dir='ltr'>“ap-</span> <span class='ocrx_word' id='word_1_369' title='bbox 1010 2780 1045 2817; x_wconf 80' lang='lat' dir='ltr'>os</span> <span class='ocrx_word' id='word_1_370' title='bbox 1070 2779 1195 2816; x_wconf 60' lang='lat' dir='ltr'>Bis-Imp</span> <span class='ocrx_word' id='word_1_371' title='bbox 1226 2779 1478 2816; x_wconf 70' lang='lat' dir='ltr'>Brantynqham</span> <span class='ocrx_word' id='word_1_372' title='bbox 1513 2778 1614 2817; x_wconf 67' lang='lat' dir='ltr'>(page</span> <span class='ocrx_word' id='word_1_373' title='bbox 1644 2778 1697 2815; x_wconf 85' lang='lat'>89,</span> 
     </span>
     <span class='ocr_line' id='line_1_48' title="bbox 206 2822 1698 2866; baseline -0.003 -11"><span class='ocrx_word' id='word_1_374' title='bbox 206 2826 348 2866; x_wconf 76' lang='lat' dir='ltr'>pointed</span> <span class='ocrx_word' id='word_1_375' title='bbox 385 2826 430 2864; x_wconf 72' lang='lat' dir='ltr'>by</span> <span class='ocrx_word' id='word_1_376' title='bbox 462 2825 522 2854; x_wconf 81' lang='grc'>1116</span> <span class='ocrx_word' id='word_1_377' title='bbox 559 2824 654 2861; x_wconf 76' lang='lat' dir='ltr'>King</span> <span class='ocrx_word' id='word_1_378' title='bbox 690 2823 771 2853; x_wconf 84' lang='lat' dir='ltr'>llth</span> <span class='ocrx_word' id='word_1_379' title='bbox 803 2823 895 2862; x_wconf 70' lang='lat' dir='ltr'>Ju1y,</span> <span class='ocrx_word' id='word_1_380' title='bbox 1008 2822 1698 2862; x_wconf 53' lang='grc' dir='ltr'>11(ι1ε),ῃ1;ιοειςί1“ι1ρειι-Βρῃι31’(1033116,</span> 
     </span>
     <span class='ocr_line' id='line_1_49' title="bbox 208 2866 1536 2908; baseline -0.004 -8"><span class='ocrx_word' id='word_1_381' title='bbox 208 2869 324 2907; x_wconf 74' lang='lat'>1388‚”</span> <span class='ocrx_word' id='word_1_382' title='bbox 365 2875 400 2899; x_wconf 87' lang='lat' dir='ltr'>to</span> <span class='ocrx_word' id='word_1_383' title='bbox 431 2868 492 2898; x_wconf 80' lang='grc'>1116</span> <span class='ocrx_word' id='word_1_384' title='bbox 525 2867 682 2898; x_wconf 81' lang='lat' dir='ltr'>Prebend</span> <span class='ocrx_word' id='word_1_385' title='bbox 715 2867 752 2896; x_wconf 83' lang='lat' dir='ltr'>of</span> <span class='ocrx_word' id='word_1_386' title='bbox 784 2867 896 2896; x_wconf 78' lang='lat' dir='ltr'>North</span> <span class='ocrx_word' id='word_1_387' title='bbox 1008 2867 1043 2897; x_wconf 88' lang='lat' dir='ltr'>in</span> <span class='ocrx_word' id='word_1_388' title='bbox 1062 2867 1122 2896; x_wconf 89' lang='lat' dir='ltr'>the</span> <span class='ocrx_word' id='word_1_389' title='bbox 1140 2866 1332 2908; x_wconf 71' lang='lat' dir='ltr'>Countyof</span> <span class='ocrx_word' id='word_1_390' title='bbox 1348 2866 1536 2897; x_wconf 81' lang='lat' dir='ltr'>Durham.”</span> 
     </span>
    </p>
   </div>
   <div class='ocr_carea' id='block_1_5' title="bbox 208 2911 896 2946">
    <p class='ocr_par' dir='ltr' id='par_1_17' title="bbox 208 2911 896 2946">
     <span class='ocr_line' id='line_1_50' title="bbox 208 2911 896 2946; baseline -0.006 -1"><span class='ocrx_word' id='word_1_391' title='bbox 208 2913 375 2946; x_wconf 75' lang='lat' dir='ltr'>Newbald</span> <span class='ocrx_word' id='word_1_392' title='bbox 400 2913 434 2943; x_wconf 89' lang='lat' dir='ltr'>in</span> <span class='ocrx_word' id='word_1_393' title='bbox 463 2912 522 2942; x_wconf 81' lang='lat' dir='ltr'>the</span> <span class='ocrx_word' id='word_1_394' title='bbox 544 2911 731 2943; x_wconf 79' lang='lat' dir='ltr'>Cathedral</span> <span class='ocrx_word' id='word_1_395' title='bbox 757 2911 896 2942; x_wconf 69' lang='lat' dir='ltr'>chun-h</span> 
     </span>
    </p>
   </div>
  </div>
 </body>
</html>
