1907 3212
132 425 218 456 [A.D.

134 459 220 489 1393]

760 317 1027 352 APPENDIX.
1571 304 1664 350 907

289 436 346 457 am
361 425 458 457 illam
475 425 519 456 ad
535 434 708 455 summam
724 423 851 463 viginti
866 422 1035 452 librarum
1052 420 1137 458 fore,
1154 419 1255 461 juxta
1276 420 1352 460 ejus
1368 429 1489 450 verum
1513 419 1667 450 valorem

289 480 455 508 annuum,
472 469 701 500 ordinandam
725 468 761 497 in
784 466 933 507 pecunia
956 467 1151 495 numerata.
1199 465 1229 494 N
1234 474 1281 501 OS,
1298 465 1426 504 itaque,
1444 463 1668 494 attendentes

288 514 373 545 dicti
396 513 537 544 Domini
561 513 673 543 nostri
697 511 801 551 Regis
824 510 997 541 laudabile
1021 509 1239 549 propositum
1264 509 1300 538 in
1324 508 1389 539 hac
1406 510 1516 548 parte,
1534 510 1570 538 et
1593 511 1667 538 tam

287 558 440 589 utilitate
465 568 569 598 quam
595 556 782 587 securitate
807 554 969 585 Custodis
993 556 1028 583 et
1054 553 1198 592 Collegii
1222 553 1459 592 predictorum
1483 562 1587 592 quam
1609 552 1667 583 Vi-

288 603 459 633 cariorum
476 602 518 632 de
535 601 659 641 quibus
682 599 900 640 premittitur
922 598 1120 637 prospicere
1144 597 1335 636 cupientes,
1354 599 1389 627 et
1406 599 1455 635 ut,
1472 606 1534 636 pro
1551 597 1668 636 quiete

289 647 469 686 utriusque
486 645 600 676 Partis
623 644 758 675 cunctis
774 646 941 682 appareat
957 642 1137 672 evidenter
1158 642 1193 670 in
1211 651 1278 680 qua
1302 641 1447 680 pecunie
1472 651 1610 671 summa
1633 644 1668 671 et

291 691 405 721 valore
422 690 562 721 Vicaria
585 690 662 729 ipsa
685 690 721 718 et
744 687 963 718 vicariorum
986 686 1104 725 porcio
1129 695 1281 724 congrua
1300 685 1491 715 consistere
1508 685 1668 723 debeant,

290 738 325 766 et
349 745 414 775 que
438 744 478 765 ac
501 734 618 774 qualia
641 742 747 763 onera
770 740 958 771 agnoscere
983 731 1133 760 debeant
1157 736 1192 759 et
1210 730 1336 767 subire,
1355 729 1670 769 supplicacionibus

292 780 390 819 Regii
414 782 449 809 et
472 777 701 818 beneplacitis
724 777 966 815 obtemperare
990 775 1157 811 volentes,
1182 773 1358 804 vicariam
1390 774 1503 813 ipsam
1529 774 1666 804 ordina-

290 834 367 854 mus
398 825 433 853 et
458 822 674 853 Vicariorum
706 820 906 860 porcionem
934 819 1153 858 assignamus
1176 818 1309 857 pariter
1336 818 1372 847 in
1399 818 1493 848 hunc
1516 818 1668 849 modum.

291 868 333 898 In
368 867 499 907 primis,
531 866 622 906 quod
652 865 784 896 vicarii
817 864 874 904 qui
907 866 1009 893 erunt
1044 872 1107 902 pro
1142 866 1298 902 tempore
1323 862 1482 902 ejusdem
1515 862 1669 893 Ecclesie

291 912 443 942 habeant
477 917 511 941 et
548 910 752 950 percipiant,
789 908 929 939 nomine
966 907 1104 938 Vicarie
1148 916 1220 944 sue,
1256 916 1363 936 unam
1403 906 1530 945 aulam,
1563 916 1669 937 unam

291 965 476 994 cameram,
507 965 614 985 unam
645 954 828 994 coquinam
865 962 944 982 cum
975 951 1140 989 bracinio,
1173 953 1208 981 et
1245 961 1354 980 unum
1392 951 1570 981 stabulum
1608 960 1670 990 pro

291 1000 425 1031 duobus
455 999 562 1040 equis,
595 999 637 1029 de
676 997 838 1028 Rectoria
872 996 1026 1027 Ecclesie
1065 995 1273 1035 supradicte.
1329 995 1509 1033 Volumus,
1549 995 1670 1034 eciam,

292 1044 382 1085 quod
413 1043 542 1075 Vicarii
580 1042 737 1083 ejusdem
778 1041 930 1072 Ecclesie
969 1040 1122 1070 habeant
1154 1040 1353 1079 porcionem
1392 1049 1593 1079 congruam,
1629 1050 1671 1070 ex

292 1099 359 1129 qua
376 1087 576 1126 sustentari,
593 1090 628 1117 et
652 1096 758 1117 onera
782 1086 876 1116 dicta
900 1084 1054 1115 Ecclesie
1077 1084 1321 1114 incumbencia
1344 1094 1407 1123 per
1430 1084 1574 1114 modum
1592 1084 1670 1114 sub-

293 1133 461 1172 scriptum
477 1132 616 1162 valeant
633 1132 859 1170 supportare3
884 1139 987 1169 quam
1013 1129 1057 1158 ad
1072 1128 1198 1167 viginti
1222 1128 1391 1158 librarum
1415 1138 1599 1166 summam,
1616 1129 1672 1159 vel

292 1177 337 1207 ad
363 1177 440 1217 ejus
466 1177 620 1207 valorem
642 1175 679 1205 in
704 1175 774 1205 alia
800 1173 913 1204 usuali
941 1176 1092 1210 moneta,
1119 1172 1292 1202 Canonice
1317 1173 1549 1212 assignamus,
1574 1173 1672 1213 equis

292 1221 513 1261 porcionibus
529 1220 573 1250 ad
590 1223 738 1259 quatuor
754 1218 836 1248 anni
853 1217 1022 1248 terminos
1037 1217 1248 1256 principales
1265 1217 1301 1246 in
1317 1217 1465 1256 pecunia
1475 1220 1670 1255 numerata,

293 1266 335 1296 de
351 1265 525 1296 fructibus
541 1264 632 1294 dicte
658 1262 821 1300 Ecclesie,
838 1272 901 1301 per
924 1271 1048 1291 manus
1070 1261 1242 1291 dictorum
1268 1261 1431 1292 Custodis
1455 1263 1490 1291 et
1515 1261 1671 1301 Collegii,

293 1320 354 1340 seu
377 1310 516 1340 illorum
539 1309 819 1345 Procuratorum,
836 1305 1102 1346 persolvendam
1126 1305 1266 1336 ibidem.
1315 1305 1369 1343 Et,
1388 1306 1417 1336 si
1441 1305 1525 1336 dicti
1546 1306 1672 1337 Custos

293 1357 327 1384 et
359 1354 552 1392 Collegium
582 1353 619 1382 in
647 1351 821 1382 solucione
848 1350 1007 1389 predicta
1034 1350 1128 1379 ultra
1158 1349 1262 1380 unius
1289 1350 1420 1380 mensis
1445 1350 1603 1389 spacium
1627 1350 1671 1380 ab

293 1398 407 1438 aliquo
424 1397 574 1427 termino
591 1396 810 1435 negligentes
825 1394 958 1424 fuerint
975 1396 1036 1424 aut
1059 1394 1207 1431 remissi,
1224 1396 1309 1423 tunc
1332 1394 1420 1424 bene
1445 1395 1548 1424 liceat
1572 1395 1672 1425 nobis

293 1444 328 1472 et
354 1442 610 1472 successoribus
635 1440 774 1477 nostris,
802 1439 867 1477 vel,
895 1438 982 1468 Sede
1011 1442 1169 1475 vacante,
1190 1438 1336 1468 Custodi
1363 1439 1399 1468 in
1426 1438 1673 1478 Spiritualibus

293 1489 378 1516 tunc
402 1486 542 1524 ibidem,
570 1494 690 1515 omnes
715 1484 852 1514 fructus
878 1483 970 1513 dicte
1004 1482 1156 1513 Ecclesie
1189 1485 1417 1522 sequestrare,
1444 1486 1480 1513 et
1507 1483 1572 1513 sub
1596 1486 1673 1514 arto

293 1530 467 1561 custodire
506 1532 694 1569 sequestro,
727 1528 836 1558 donec
875 1527 1014 1557 Vicario
1053 1527 1110 1566 quj
1148 1526 1255 1556 fuerit
1294 1536 1357 1566 pro
1395 1530 1563 1567 tempore,
1604 1537 1674 1558 una

293 1584 373 1605 cum
411 1574 607 1613 arreragiis,
642 1572 797 1612 plenarie
843 1571 951 1601 fuerit
990 1570 1223 1601 satisfactum.
1284 1571 1410 1601 Divina
1455 1581 1517 1611 per
1562 1574 1673 1602 totam

293 1619 508 1656 Parochiam,
534 1618 593 1648 ubi
618 1617 783 1647 Rectores
807 1616 899 1646 dicte
924 1614 1078 1645 Ecclesie
1101 1615 1229 1645 Divina
1253 1615 1420 1645 celebrari
1444 1615 1561 1646 facere
1577 1620 1673 1647 tene-

292 1664 422 1693 bantur
452 1666 513 1693 aut
544 1662 654 1692 eciam
690 1661 875 1698 celebrare,
908 1659 1041 1689 Vicarii
1076 1659 1134 1699 qui
1169 1665 1272 1689 erunt
1307 1669 1370 1698 pro
1404 1662 1562 1700 tempore
1603 1660 1675 1691 suis

291 1707 441 1747 propriis
465 1706 661 1746 sumptibus
684 1705 819 1736 faciant
844 1703 1021 1734 celebrari.
1070 1703 1218 1741 Habeat,
1243 1703 1395 1743 insuper,
1424 1704 1585 1735 Vicarius
1616 1705 1673 1745 qui

294 1762 356 1791 pro
379 1754 536 1791 tempore
562 1750 671 1780 fuerit
696 1759 815 1780 aream
840 1758 902 1788 pro
930 1750 1006 1778 orto
1033 1750 1301 1787 competentem.
1349 1748 1479 1779 Domos
1503 1759 1586 1780 suas
1609 1749 1674 1780 sibi

295 1796 492 1834 assignatas
517 1794 740 1832 sustentabit,
757 1796 792 1823 et
815 1793 979 1833 quociens
1003 1802 1089 1831 opus
1113 1792 1220 1822 fuerit
1245 1792 1486 1824 re-edificabit.
1533 1793 1675 1831 Vinum,

296 1849 422 1878 ceram,
439 1839 532 1877 thus,
547 1842 581 1869 et
597 1848 725 1878 panem
742 1837 872 1868 Vicarii
889 1836 1070 1866 inveniant
1087 1846 1149 1875 pro
1167 1840 1387 1867 sacramento
1403 1837 1547 1868 Altaris.
1594 1838 1675 1868 Pro-

295 1883 496 1914 curaciones
520 1882 764 1913 Archidiaconi
789 1884 823 1911 et
849 1881 1035 1920 Synodalia
1058 1881 1269 1919 persolvant,
1294 1883 1329 1912 et
1354 1881 1476 1912 Libros
1499 1882 1602 1921 ligari
1625 1881 1676 1913 fa-

296 1928 390 1958 ciant
407 1927 570 1967 quociens
587 1926 743 1956 Ecclesia
761 1925 944 1964 indigebit.
991 1924 1117 1954 Cetera
1141 1925 1258 1955 onmia
1282 1935 1388 1956 onera
1412 1926 1504 1956 dicte
1522 1926 1676 1957 Ecclesie

295 1971 547 2009 incumbencia,
571 1979 786 2010 quocumque
810 1969 951 1999 nomine
975 1972 1194 2006 censeantur,
1220 1970 1379 2008 superius
1405 1980 1474 2000 non
1503 1980 1676 2010 expressa,

297 2015 423 2046 Custos
454 2018 489 2045 et
521 2015 713 2054 Collegium
744 2013 890 2053 predicti
925 2013 1102 2043 subibunt.
1149 2013 1191 2042 In
1223 2014 1322 2054 cujus
1354 2014 1404 2043 rei
1434 2015 1676 2045 testimonium

298 2060 451 2099 sigillum
488 2062 648 2090 nostrum
690 2057 916 2089 Presentibus
955 2060 1009 2087 est
1048 2066 1251 2096 appensum.
1314 2058 1406 2088 Data
1442 2059 1478 2088 in
1520 2060 1677 2090 Manerio

297 2111 416 2134 nostro
447 2104 489 2134 de
522 2103 768 2141 Chuddeleghe
794 2107 917 2132 octavo
948 2101 1083 2131 decimo
1115 2101 1170 2131 die
1198 2102 1328 2132 mensis
1355 2102 1546 2142 Februarii,
1573 2105 1677 2134 Anno

298 2148 437 2178 Domini
454 2147 638 2178 Millesimo
656 2146 787 2177 CCC¹¹¹0
811 2146 1026 2185 sexagesimo
1049 2146 1171 2185 primo,
1189 2149 1223 2176 et
1250 2146 1534 2178 Consecracionis
1558 2152 1676 2179 nostre

298 2192 474 2222 tricesimo
491 2191 780 2232 quinto—Hanc,
798 2200 889 2228 vero,
909 2190 1186 2228 Ordinacionem,
1203 2200 1266 2230 per
1288 2191 1467 2230 prefatum
1492 2192 1676 2224 Predeces-

299 2246 410 2267 sorem
428 2239 596 2274 nostrum,
616 2242 653 2265 ut
670 2235 856 2275 prefertur,
873 2234 1016 2272 factam,
1034 2244 1075 2264 ex
1092 2238 1187 2265 certa
1204 2238 1325 2265 nostra
1342 2235 1493 2266 sciencia
1509 2237 1676 2277 approba-

298 2291 376 2311 mus
400 2290 439 2311 ac
463 2281 574 2311 eciam
598 2280 862 2316 confirmamus3
887 2288 937 2315 ac,
954 2279 1106 2318 insuper,
1123 2288 1377 2319 quamcumque
1401 2280 1505 2310 aliam
1531 2281 1676 2312 Ordina-

299 2325 434 2355 cionem
459 2325 501 2355 de
529 2328 563 2354 et
592 2334 695 2363 super
721 2323 882 2363 porcione
908 2323 1038 2353 Vicarii
1063 2323 1155 2353 dicte
1180 2323 1317 2354 Vicarie
1342 2324 1383 2354 de
1412 2324 1590 2356 Saltesshe
1617 2336 1679 2366 per

300 2369 413 2408 ipsam
437 2369 721 2399 Predecessorem
745 2373 914 2405 nostrum,
932 2367 996 2397 sub
1019 2377 1235 2407 quacumque
1259 2367 1374 2398 forma
1397 2370 1433 2398 et
1457 2370 1678 2408 expressione

300 2413 484 2443 verborum
507 2412 670 2452 primitus
693 2414 908 2451 conceptam,
927 2411 1007 2441 huic
1023 2412 1233 2441 contrariam
1251 2413 1306 2442 vel
1331 2413 1513 2443 adversam
1538 2415 1679 2453 penitus

300 2467 512 2495 revocamus,
530 2466 728 2494 vacuamus,
745 2465 933 2493 cassamus,
957 2465 997 2486 ac
1021 2455 1129 2485 eciam
1155 2456 1354 2494 irritamus3
1378 2457 1582 2497 quinymmo
1606 2468 1677 2489 cas-

303 2511 387 2538 sam,
404 2511 561 2538 vacuam,
579 2503 613 2531 et
637 2501 774 2530 irritam
799 2500 1015 2537 nunciamus,
1041 2502 1075 2529 et
1100 2499 1230 2530 nullius
1253 2510 1395 2539 prorsus
1419 2502 1567 2532 existere
1584 2503 1678 2532 volu-

303 2555 380 2575 mus
411 2545 599 2575 firmitatis.
661 2544 703 2574 In
735 2554 881 2584 quorum
913 2544 1068 2573 omnium
1100 2547 1135 2573 et
1174 2544 1390 2583 singulorum
1429 2546 1678 2585 premissorum

302 2589 542 2620 testimonium
574 2592 678 2628 atque
710 2589 813 2618 fidem
845 2588 1048 2627 pleniorem,
1077 2590 1150 2617 tam
1184 2598 1256 2621 nos,
1283 2589 1444 2627 Thomas,
1474 2590 1680 2621 Exoniensis

304 2633 495 2673 Episcopus
527 2633 734 2670 antedictus,
766 2642 870 2671 quam
905 2642 977 2669 nos,
1011 2632 1171 2662 Decanus
1210 2636 1245 2662 et
1286 2632 1485 2671 Capitulum
1527 2634 1680 2665 Ecclesie

304 2677 508 2708 Exoniensis
524 2680 726 2714 memorate,
745 2676 786 2705 de
803 2676 977 2705 communi
995 2685 1164 2705 consensu
1183 2677 1314 2715 pariter
1335 2680 1370 2706 et
1395 2687 1548 2713 assensu,
1567 2679 1681 2715 sigilla

307 2725 426 2752 nostra
450 2721 675 2751 Presentibus
699 2720 861 2750 duximus
885 2720 1101 2758 apponenda.
1150 2720 1241 2750 Data.
1264 2721 1377 2760 quoad
1402 2731 1473 2759 nos,
1500 2715 1679 2759 Thomam,

305 2766 513 2805 Episcopum
538 2765 764 2802 antedictum,
783 2764 818 2793 in
844 2763 1000 2794 Manerio
1024 2766 1143 2793 nostro
1168 2764 1210 2793 de
1235 2763 1344 2804 Clyst,
1369 2765 1534 2795 vicesimo
1559 2767 1680 2805 quinto

305 2810 359 2840 die
376 2809 506 2840 mensis
522 2809 681 2848 Augusti,
698 2809 800 2837 Anno
818 2808 954 2838 Domini
974 2807 1158 2837 Millesimo
1175 2807 1305 2837 CCC¹¹¹⁰
1322 2809 1546 2847 nonogesimo
1563 2811 1681 2848 tercio,

305 2858 341 2884 et
355 2853 637 2884 Consecracionis
653 2856 770 2882 nostre
787 2861 878 2881 anno
895 2851 1059 2881 vicesimo
1075 2858 1219 2891 quart03
1243 2855 1278 2882 et
1295 2852 1407 2891 quoad
1420 2863 1492 2890 nos,
1504 2854 1682 2884 Decanum

305 2901 341 2929 et
365 2897 575 2937 Capitulum,
600 2897 636 2926 in
659 2896 769 2926 Domo
793 2898 913 2926 nostra.
937 2894 1128 2934 capitulari
1156 2895 1296 2934 Exonie,
1323 2896 1487 2928 vicesimo
1508 2902 1605 2929 sexto
1628 2898 1683 2930 die

306 2943 436 2975 mensis
451 2944 487 2973 et
503 2941 585 2972 anni
601 2941 758 2981 proximo
775 2939 1064 2980 supradictorum.
