1907 3212
124 290 130 295 ’
172 303 268 349 670

175 416 209 442 A.
216 416 251 441 l).

176 450 248 475 1388.

173 482 234 509 Vol.
252 482 274 509 1.

174 679 220 706 fol.
236 679 310 707 190b.

393 316 493 348 THE
528 316 768 350 REGISTER
802 316 861 348 OF
897 316 1074 349 BISHOP
1108 316 1507 350 BRANTYNGHAM.

329 429 467 450 camera
483 421 582 459 porte
599 419 757 460 ejusdem
776 419 958 458 Cimiterii,
975 429 1038 460 per
1054 430 1158 460 quam
1181 420 1254 451 itur
1269 421 1306 451 in
1322 420 1462 460 Villam,
1488 420 1654 460 contigua
1677 422 1714 451 et

330 463 453 501 vicina,
470 464 671 502 potaeiones
688 466 724 494 et
741 465 1052 495 commessaciones
1069 464 1212 503 faciant,
1230 467 1292 495 aut
1309 475 1388 496 cum
1405 465 1490 496 viris
1507 467 1542 495 et
1558 465 1711 495 mulieri-

330 507 394 537 bus
410 508 443 537 in
463 507 546 538 locis
562 508 729 546 predictis
753 508 952 548 aliqualiter
976 508 1254 547 confabulentur,
1273 509 1336 540 sub
1353 519 1443 549 pena
1465 509 1591 550 jejunii
1607 509 1711 539 unius

331 551 408 589 diei,
426 551 462 581 in
480 561 568 590 pane
585 554 621 581 et
637 562 736 592 aqua,
753 562 816 591 pro
832 552 987 592 qualibet
1009 553 1110 592 culpa
1126 553 1162 583 in
1178 553 1243 583 hac
1259 557 1359 593 parte
1384 556 1575 591 contracta,
1592 563 1712 583 eorum

330 595 476 634 singulis
500 595 536 625 in
559 596 739 635 premissis
764 596 1045 636 delinquentibus
1070 597 1280 636 infligenda3
1306 608 1368 637 per
1391 598 1555 637 ipsorum,
1581 601 1710 636 tamen,

328 639 512 677 Abbatem,
529 640 630 679 juxta
647 640 816 680 Regulam
833 644 868 671 et
887 640 1029 671 Statuta
1055 641 1194 671 Ordinis
1220 642 1421 679 eorundem,
1440 642 1467 672 si
1485 642 1584 681 culpe
1602 641 1710 681 quali-

328 685 382 713 tas
399 684 433 713 id
450 685 617 723 exegerit,
635 685 776 723 gravius
786 685 1132 724 puniendis—ITEM,
1145 685 1363 726 injungimus
1374 688 1409 716 et
1420 686 1628 716 mandamus
1641 685 1710 716 dio-

327 727 373 757 tis
391 727 579 766 Monachis,
597 729 757 759 omnibus
774 736 809 759 et
827 729 982 768 singulis,
1007 730 1098 769 quod
1122 730 1327 760 indumenta
1351 739 1414 760 sua
1436 730 1632 760 inveterata
1649 729 1710 760 Ca-

326 772 476 802 merario
493 772 578 802 dicti
604 773 817 811 Monasterii,
834 773 871 803 in
895 773 1087 804 utilitatem
1106 774 1355 804 Monachorum
1381 783 1442 804 seu
1464 783 1566 804 usum
1583 783 1709 813 paupe-

326 825 404 845 rum
418 817 663 855 convertenda,
677 817 836 855 liberent,
854 820 893 847 ut
906 820 1081 856 tenentur,
1094 818 1157 848 sub
1168 828 1258 858 pena
1276 817 1658 848 Excommunicacionis
1674 817 1710 847 in

326 861 631 891 contravenientes
654 871 724 891 non
748 861 912 892 inmerito
935 861 1315 900 fulminande—ITEM,
1348 862 1569 902 precipimus,
1594 861 1708 902 injun-

325 904 450 942 gimus,
468 907 504 935 et
521 905 728 935 mandamus
745 905 847 936 dictis
870 906 1059 944 Monacliis‚
1078 907 1238 937 omnibus
1255 909 1289 936 et
1307 906 1462 946 singulis,
1479 906 1570 946 quod
1587 915 1709 936 carnes

325 958 394 977 non
422 949 616 987 comedant,
645 950 711 980 nisi
736 949 771 979 in
796 949 880 980 loeis
903 953 940 980 et
963 950 1099 980 casibus
1124 960 1145 980 a
1169 951 1302 990 Regula
1326 954 1362 980 et
1389 950 1710 981 Constitucionibus

326 1002 446 1022 eorum
462 994 652 1032 permissis,
670 994 734 1024 sub
756 1004 846 1033 pena
861 994 985 1034 jejunii
1010 995 1113 1025 unius
1131 995 1198 1024 diei
1215 995 1251 1024 in
1268 1004 1356 1034 pane
1374 997 1409 1024 et
1427 1004 1525 1034 aqua,
1544 994 1708 1034 quociens

326 1036 536 1076 deliquerint
559 1038 595 1067 in
619 1038 807 1077 premissis,
832 1039 899 1068 nisi
924 1048 965 1069 ex
990 1048 1095 1069 causa
1119 1038 1322 1069 raeionabili
1339 1039 1457 1069 Abbas
1481 1048 1560 1068 cum
1581 1038 1631 1068 eis
1648 1038 1708 1068 ali-

326 1081 491 1120 quociens
516 1082 654 1112 duxerit
680 1082 964 1122 dispensandum.
1012 1083 1172 1122 Dictique
1200 1083 1361 1113 Monachi
1389 1082 1554 1113 incedant
1579 1082 1709 1113 ocreati

326 1127 362 1155 et
385 1125 506 1165 caligis
529 1128 591 1156 aut
615 1126 830 1156 secularibus
854 1127 997 1157 minime
1022 1127 1168 1166 calciati,
1193 1137 1233 1158 ac
1261 1127 1365 1157 flocis¹
1392 1129 1539 1157 utantur
1562 1126 1646 1157 locis
1673 1128 1709 1157 et

325 1170 542 1208 temporibus
569 1171 760 1209 oportunis,
785 1172 825 1200 ut
849 1173 1025 1209 tenentur,
1053 1171 1154 1211 juxta
1177 1171 1332 1211 ipsorum
1358 1170 1500 1201 Statuta
1526 1172 1562 1201 et
1586 1170 1708 1201 Obser-

325 1214 467 1244 vancias
484 1214 684 1253 Regulares,
703 1215 767 1244 sub
791 1224 881 1254 pena
906 1215 1299 1253 Exeommunicacionis,
1316 1215 1384 1246 nisi
1401 1215 1528 1253 Abbas,
1547 1224 1588 1245 ex
1605 1224 1710 1245 causa

325 1257 493 1296 legitima,
519 1258 621 1289 aliter
645 1259 899 1298 dispensaverit
923 1269 1002 1289 cum
1027 1260 1168 1290 eisdem.
1215 1259 1350 1298 Nullus,
1376 1259 1496 1297 eciam,
1518 1259 1710 1289 Monachus

324 1301 369 1331 ad
385 1301 542 1341 regimen
560 1302 707 1332 duorum
722 1302 930 1341 Officiorum,
948 1306 983 1333 et
1000 1304 1185 1343 presertim
1202 1303 1545 1343 ineompassibilium,
1562 1303 1598 1333 in
1616 1303 1709 1334 dieto

326 1345 539 1376 Monasterio
563 1347 606 1377 de
630 1350 745 1377 cetero
769 1350 977 1385 assumatur,
1003 1348 1069 1378 nisi
1093 1348 1211 1378 Abbas
1236 1348 1277 1378 de
1302 1348 1528 1378 connivencia
1554 1346 1708 1377 Conven-

325 1392 381 1420 tus
406 1390 468 1427 sui,
495 1400 555 1421 seu
579 1391 725 1421 sanioris
756 1391 867 1430 partis
903 1391 1071 1431 ejusdem,
1105 1402 1167 1431 pro
1198 1392 1352 1422 utilitate
1389 1392 1473 1422 dicti
1506 1391 1708 1421 Monasterii

324 1434 428 1464 aliter
454 1435 593 1464 duxerit
619 1435 1010 1473 ordinandu1n.——ITEM,
1035 1436 1133 1466 vobis
1157 1436 1286 1465 Abbati
1310 1436 1537 1476 injungimus,
1561 1435 1707 1474 precipi-

324 1488 412 1516 mus,
430 1480 465 1508 et
488 1479 698 1509 mandamus
714 1480 804 1519 quod
820 1479 956 1509 nullum
973 1479 1184 1509 familiarem
1202 1480 1423 1510 domicellum
1440 1490 1501 1510 seu
1525 1479 1706 1517 valettum,

323 1525 385 1552 aut
408 1533 660 1563 quemcumque
689 1523 807 1561 alium,
835 1524 928 1553 inter
954 1534 1015 1554 vos
1042 1526 1077 1554 et
1107 1523 1311 1554 Confratres
1338 1526 1473 1554 vestros
1499 1523 1707 1554 discordiam

324 1567 566 1604 seminantem,
598 1567 735 1606 publice
769 1568 823 1598 vel
857 1568 1000 1606 occulte,
1033 1568 1183 1598 teneatis
1217 1577 1278 1598 seu
1308 1567 1507 1607 aliqualiter
1537 1567 1705 1605 foveatis;

323 1613 387 1648 set,
413 1620 490 1640 cum
516 1611 613 1641 vobis
634 1611 783 1651 aliquem
808 1612 882 1642 sore
907 1612 1013 1642 talem
1038 1612 1246 1649 constiterit,
1264 1612 1377 1651 ipsum
1395 1622 1415 1642 a
1432 1611 1567 1641 familia
1590 1614 1708 1641 vestra

322 1654 462 1685 faciatis
476 1655 595 1685 statim
608 1656 749 1694 penitus
766 1656 965 1694 ammoveri,
978 1656 1041 1686 sub
1052 1666 1142 1695 pena
1156 1655 1538 1687 Excommunieacionis
1553 1655 1706 1695 Majoris,

324 1696 467 1738 [quam]
495 1699 530 1728 in
555 1709 625 1737 vos,
655 1699 684 1729 si
711 1699 746 1729 in
772 1700 836 1730 hae
864 1703 963 1739 parte
991 1700 1291 1738 contraveneritis,
1315 1700 1487 1730 Canonice
1510 1699 1706 1739 promulga-

322 1743 558 1781 mus—ITEM,
584 1744 773 1773 statuimus
798 1746 832 1774 et
856 1744 1058 1774 ordinamus
1082 1744 1172 1784 quod
1197 1744 1313 1774 nullus
1337 1744 1433 1774 locus
1456 1747 1517 1774 aut
1536 1744 1708 1783 possessio

321 1796 384 1826 per
407 1787 581 1818 Abbatem
606 1788 709 1818 alicui
737 1788 779 1818 de
808 1788 987 1818 Monachis
1011 1789 1082 1819 suis
1110 1788 1270 1818 tradatur
1297 1788 1341 1818 ad
1366 1789 1513 1826 firmam,
1539 1788 1602 1818 sub
1618 1797 1710 1828 pena

321 1832 481 1871 superius
496 1832 653 1871 proximo
670 1832 998 1870 annotata—ITEM,
1023 1833 1245 1872 precipimus,
1270 1833 1496 1873 injungimus,
1514 1834 1549 1862 et
1565 1832 1707 1862 manda-

321 1885 409 1914 mus,
440 1876 503 1906 sub
528 1886 619 1915 pena
645 1876 813 1915 predicta,
840 1877 931 1916 quod
957 1877 1145 1914 Monachis,
1174 1879 1210 1907 et
1236 1877 1422 1916 presertim
1446 1876 1483 1906 in
1511 1876 1709 1907 Refectorio

322 1920 595 1958 comedentibus,
623 1920 789 1951 victualia
816 1921 1055 1960 competencia
1079 1921 1332 1959 ministrentur,
1349 1923 1453 1960 prout
1470 1921 1554 1951 dicti
1572 1921 1707 1951 Menas-

322 1964 402 1994 terii
431 1966 621 2004 suppetunt
648 1964 995 2003 facultates-ITEM,
1025 1965 1213 1995 statuimus
1237 1968 1273 1995 et
1289 1965 1490 1995 ordinamus
1506 1965 1597 2004 quod
1612 1964 1709 1995 nulla

322 2007 407 2046 loca,
434 2009 600 2046 redditus,
627 2018 688 2039 seu
714 2009 950 2048 possessiones
977 2009 1080 2040 alicui
1105 2010 1149 2039 ad
1166 2010 1302 2039 firmam
1318 2009 1506 2039 tradantur
1521 2009 1628 2039 eciam
1648 2018 1709 2039 seu

321 2053 540 2090 vendantur-3
572 2063 636 2083 nec
663 2053 783 2091 nativi,
813 2054 913 2091 servi,
939 2056 1000 2083 aut
1026 2054 1160 2091 ancille,
1190 2063 1251 2083 seu
1281 2053 1468 2092 maritagia
1498 2053 1543 2083 ad
1574 2053 1707 2083 dictum

323 2096 575 2127 Monasterium
591 2097 809 2136 pertinencia
832 2100 868 2127 et
891 2098 1100 2137 spectancia,
1125 2098 1332 2135 vendantur,
1350 2098 1533 2135 donentur,
1550 2099 1611 2127 aut
1627 2107 1707 2137 quo-

321 2140 478 2170 vismodo
496 2141 702 2179 alienentur,
720 2141 848 2180 absque
866 2144 1021 2172 tractatu
1045 2142 1220 2172 communi
1238 2144 1273 2172 et
1290 2142 1542 2172 deliberacione
1558 2144 1707 2178 matura,

322 2194 362 2214 ac
388 2194 558 2215 consensu
586 2185 732 2215 Abbatis
760 2188 795 2215 et
823 2185 1033 2223 Conventus,
1062 2196 1123 2216 seu
1139 2186 1285 2216 sanioris
1301 2185 1412 2225 partis
1428 2185 1595 2226 ejusdem,
1613 2185 1657 2215 ad
1673 2185 1708 2214 id

320 2229 484 2267 primitus
509 2229 707 2267 accedente,
739 2230 879 2268 urgenti
917 2229 1126 2260 necessitate
1157 2234 1218 2260 aut
1245 2230 1406 2260 evidente
1438 2230 1591 2260 utilitate
1623 2229 1707 2259 dicti

323 2273 525 2303 Monasterii
552 2273 782 2310 subsistente,
809 2274 1070 2312 alienacionem,
1096 2284 1187 2311 vero,
1213 2276 1248 2304 et
1264 2274 1493 2304 tradicionem
1510 2274 1554 2303 ad
1571 2274 1706 2303 firmam

321 2327 562 2356 quamcunque
589 2317 691 2347 aliter
718 2318 848 2347 factam
877 2318 1096 2348 decernimus
1124 2328 1192 2348 non
1218 2318 1495 2356 tenere—ITEM,
1522 2317 1708 2347 Cellerario

321 2361 406 2391 ‹licti
424 2361 625 2391 Mon-asterii
643 2362 846 2401 cuicumque
864 2362 1090 2402 injungimus,
1107 2365 1152 2400 et,
1166 2362 1202 2391 in
1219 2362 1349 2392 virtute
1368 2362 1575 2392 Obediencie
1592 2364 1627 2392 et
1644 2361 1707 2391 sub

321 2405 464 2444 Majoris
476 2405 857 2436 Excommunicaeionis
868 2416 966 2445 pena,
981 2407 1138 2436 districtc
1152 2406 1374 2445 precipiendo
1387 2406 1603 2443 mandamus,
1617 2405 1707 2445 quod

320 2459 388 2479 non
415 2450 599 2488 permittat
626 2460 685 2479 seu
712 2450 836 2479 toleret
864 2451 1013 2489 aliquem
1042 2451 1083 2480 de
1111 2450 1343 2480 familiaribus
1369 2450 1453 2480 dieti
1481 2450 1628 2479 Abbatis
1645 2460 1705 2479 seu

321 2492 521 2523 Conventus
538 2493 653 2532 aliqua
668 2493 803 2523 fercula
819 2504 879 2524 seu
895 2495 1059 2524 victualia
1083 2504 1297 2534 quecumque
1321 2495 1429 2534 ipsius
1447 2494 1649 2524 Monasterii
1671 2493 1706 2523 in

320 2537 447 2567 Villam
475 2538 624 2575 mittere,
650 2538 683 2567 in
710 2538 829 2567 usibus
846 2539 961 2568 minus
978 2539 1133 2568 honestis
1150 2549 1211 2568 seu
1227 2539 1399 2578 perversis
1415 2538 1612 2577 aliqualiter
1627 2547 1705 2568 con-

319 2582 498 2619 sumenda,
516 2586 620 2621 prout
637 2582 833 2611 audivimus
850 2583 936 2612 alias
958 2582 1033 2612 fore
1058 2583 1204 2612 factum.
1252 2582 1306 2620 Et,
1326 2586 1363 2612 ut
1387 2582 1517 2612 nemini
1543 2582 1644 2612 cedat
1669 2582 1705 2611 in

319 2625 462 2654 dubium
480 2636 542 2664 per
558 2636 623 2664 que
640 2626 713 2655 loca
732 2632 829 2665 septa
849 2627 1049 2655 Monusterii
1062 2627 1211 2656 debeant
1223 2627 1414 2663 terminari,
1428 2636 1468 2656 ea
1481 2636 1542 2665 per
1554 2626 1705 2664 parietes

321 2669 474 2699 Boriales
507 2670 660 2699 Ecclesie
693 2670 941 2699 Conventualis
973 2671 1056 2699 dieti
1094 2671 1305 2707 Mon-asterii,
1338 2674 1373 2700 et
1404 2670 1447 2699 ab
1480 2669 1634 2700 Ecclesia
1666 2671 1701 2698 et

319 2713 479 2743 elaustro
504 2713 701 2753 incipiendo
725 2724 766 2743 ex
790 2718 889 2752 parte
908 2715 1075 2744 Orientali
1100 2725 1161 2753 per
1176 2724 1409 2753 quascumque
1427 2714 1546 2743 domos
1562 2717 1596 2743 et
1613 2713 1703 2742 clau-

318 2766 416 2787 suras
435 2757 536 2787 Curie
554 2758 711 2797 ejusdem
738 2758 939 2787 Monasterii
964 2759 1230 2797 circumquaque
1254 2758 1510 2797 pretendentes,
1536 2766 1642 2796 usque
1660 2756 1703 2786 ad

317 2800 432 2829 aulam
460 2801 616 2839 Abbatis,
645 2805 680 2831 et
708 2802 833 2832 abinde
859 2805 893 2832 ct
919 2812 1057 2832 camera
1088 2802 1245 2842 ejusdem
1273 2802 1318 2832 ad
1350 2802 1549 2832 Claustrum
1575 2799 1702 2839 prefati

319 2844 530 2879 Nonas-terii,
560 2855 621 2884 per
648 2856 881 2885 (gnum-umque
910 2846 1029 2876 domos
1053 2848 1088 2875 et
1113 2847 1290 2875 clausuras
1315 2848 1470 2884 exparte
1489 2844 1702 2874 Occidentali

251 2909 257 2927 ¹
273 2908 724 2945 Floccus,—Monachorum
745 2911 860 2948 vestis,
879 2921 955 2950 quae
972 2911 1106 2950 amplas
1124 2911 1229 2941 habet
1247 2910 1614 2941 manicas—D'Arnis.
