1907 3212
161 282 255 327 708
371 295 471 329 THE
506 295 749 330 REGISTER
783 296 842 329 or
877 295 1055 331 Blsnor
1089 297 1495 331 BRANTYNGHAM.

160 393 234 419 ΑὯ-
315 399 375 428 tua
407 398 570 429 videlicet
596 401 631 429 et
660 398 885 438 Bradestone,
914 400 1145 440 contiguitate
1177 401 1250 431 sive
1283 401 1460 432 vicinitate
1492 399 1694 431 eorumdem

159 428 266 486 &5¹1¹
316 442 580 481 Beneficiorum,
598 443 764 482 exilitate,
782 454 822 475 ao
839 444 1130 484 parochianorum
1147 445 1325 485 paucitate
1341 455 1402 486 per
1412 455 1475 476 nos
1486 445 1602 475 debite
1615 454 1693 475 con-

316 485 487 525 sideratis,
517 486 620 518 dietis
647 488 869 527 parochianis
895 489 938 519 ad
963 489 1134 528 premissa
1159 489 1315 527 legitime
1331 489 1550 529 premunitis,
1569 488 1695 519 Divina

314 530 443 569 poteris
460 531 589 561 eisdem
606 532 828 571 parochianis
845 533 1030 571 celebrare,
1057 533 1350 574 sacramentaque
1367 536 1402 564 et
1420 531 1695 564 Sacramentalia

315 574 446 605 eisdem
474 575 685 614 ministrare,
714 576 777 606 tibi
811 577 1006 607 Licenciam
1032 578 1253 609 concedimus
1277 587 1339 618 per
1366 578 1560 615 Presentes,
1587 576 1696 606 donec

315 629 392 649 eam
417 619 618 650 duxerimus
643 621 1047 652 revocandam-Dat&
1070 624 1106 652 at
1125 621 1233 662 myst,
1253 623 1292 652 15
1311 622 1385 653 Oct.

270 671 497 709 Lawhitton
515 686 524 719 3
558 673 790 711 illaudatum,
818 676 871 711 nd
901 677 1195 723 compellendum
1234 677 1444 713 Dominum
1481 675 1695 712 Jolmnnem

323 726 420 772 Cole,
448 727 712 775 presbiterum,
749 730 802 765 ad
829 730 867 765 d(
876 730 1112 766 serviendum
1144 744 1230 766 cure
1263 731 1421 767 Ecclesie
1451 731 1495 766 de
1528 728 1694 765 Lawlzz't-

320 787 468 825 tone,—

269 835 429 873 Thomas,
458 838 534 874 etc„
562 837 707 868 officiali
736 838 981 868 Archidiaconi
1008 839 1116 869 nostri
1143 839 1325 877 Cornubie,
1353 839 1490 868 Decano
1508 838 1549 867 de
1568 837 1640 875 Est,
1659 840 1694 867 et

311 879 457 919 singulis
486 881 626 912 Curatis
651 882 807 921 ejusdcm
835 883 1043 916 Decanatus,
1068 884 1227 920 salutem,
1253 883 1418 913 etc—Ex
1434 884 1533 922 parte
1551 881 1693 912 Roberti

313 924 511 962 Scheterne,
531 926 689 956 Rectoris
708 926 860 956 Ecclesie
880 927 1092 957 Parochialis
1109 927 1150 957 (le
1164 927 1394 965 Lawhittone,
1408 937 1449 957 ex
1460 926 1564 957 certis
1581 925 1694 956 causis

311 970 347 998 et
372 968 540 1008 legitimis
568 971 611 1001 de
638 981 707 1000 non
735 970 918 1000 residendo
944 971 979 1000 in
1005 971 1125 1001 eodem
1155 971 1329 1001 Beneficio
1354 981 1494 1010 pernes
1510 969 1694 1007 licenciati,

312 1012 410 1043 nobis
427 1014 545 1044 extitit
561 1014 765 1045 intimatum
782 1015 882 1054 quod,
901 1015 1018 1045 debita
1035 1016 1221 1054 diligencia
1234 1025 1253 1045 a
1265 1015 1341 1055 jure
1354 1025 1415 1054 per
1431 1025 1509 1045 eum
1528 1014 1695 1054 requisita

311 1056 406 1087 sacta
422 1059 461 1087 ut
479 1057 706 1098 Capelianum
723 1058 766 1088 ad
781 1059 1047 1089 deserviendum
1058 1060 1171 1089 eidem
1185 1070 1275 1097 eure,
1290 1059 1486 1099 sumptibus
1498 1059 1578 1096 suis,
1590 1058 1692 1088 habe-

311 1103 365 1130 ret
392 1102 577 1140 ydoneum,
602 1113 664 1142 per
688 1113 723 1133 se
741 1103 963 1141 conductum,
981 1104 1126 1134 raritate
1143 1106 1178 1134 et
1194 1104 1370 1143 paucitate
1387 1103 1589 1133 eorumdem
1607 1102 1692 1132 exis-

311 1148 418 1184 tente,
435 1146 610 1185 ydoneum
628 1157 707 1177 cum
725 1157 808 1177 cura
831 1150 1037 1187 occupatum
1065 1149 1251 1178 Dominum
1276 1148 1473 1178 Johannem
1493 1147 1584 1185 Coie,
1601 1156 1693 1186 pres-

311 1189 473 1227 biterum,
488 1191 580 1221 fideli
598 1191 836 1231 inquisieione,
848 1195 887 1221 ut
904 1192 1132 1231 premittitur,
1147 1192 1315 1232 comperit
1332 1194 1550 1231 occupatum.
1584 1191 1694 1230 Super

309 1233 433 1273 quibus
450 1234 541 1265 idem
560 1236 730 1265 Dominus
749 1236 921 1266 Robertus
938 1236 1002 1266 sibi
1027 1237 1069 1266 de
1094 1238 1265 1276 oportuno
1289 1236 1442 1266 remedio
1459 1236 1493 1265 in
1512 1235 1576 1265 liac
1593 1239 1691 1274 parte

308 1278 408 1308 nobis
424 1278 606 1309 humiliter
622 1280 795 1319 supplicat
813 1281 998 1319 provideri.
1046 1281 1223 1318 Nolentes,
1248 1280 1365 1319 igitur,
1391 1280 1493 1311 sicuti
1510 1290 1573 1309 neo
1591 1279 1690 1309 debe-

309 1332 396 1359 mus,
414 1322 449 1352 in
467 1332 529 1353 sua
546 1324 664 1354 deesse
681 1324 831 1364 justicia,
849 1324 1080 1364 periculisque
1093 1326 1289 1355 animarum
1304 1334 1484 1355 occurrere
1502 1323 1691 1363 cupientes,

310 1366 406 1396 vobis
438 1367 599 1398 omnibus
631 1370 666 1398 et-
698 1369 854 1408 singulis,
880 1369 1114 1399 communiter
1142 1372 1176 1399 et
1202 1369 1350 1406 divisim,
1380 1368 1632 1399 committimus
1657 1370 1691 1397 et

310 1411 517 1442 mandamus
534 1412 707 1451 quatinuS,
726 1413 753 1443 si
770 1413 940 1452 premissa
956 1413 1103 1443 veritate.
1129 1413 1198 1443 sint
1216 1413 1372 1451 subnixa,
1389 1413 1512 1452 primo,
1530 1411 1691 1449 secundo,

308 1457 343 1484 et
370 1455 478 1486 tercio
502 1466 542 1486 ae
559 1457 792 1496 peremptorie
812 1457 985 1487 moneatis
1002 1460 1035 1487 et
1054 1458 1240 1488 efficaciter
1257 1457 1432 1487 inducatis
1449 1467 1488 1486 ae
1506 1455 1690 1496 requiratis

308 1499 485 1538 prefatum
504 1501 691 1531 Dominum
705 1501 912 1539 Johannem,
926 1511 1027 1541 quem
1041 1512 1104 1532 nos
1117 1501 1326 1541 requirimus
1337 1504 1371 1531 et
1385 1510 1577 1538 monemus
1589 1499 1690 1539 quod,

308 1544 511 1583 postpositis
528 1545 674 1584 privatis
692 1555 751 1575 seu
768 1545 1002 1585 peculiaribus
1027 1546 1200 1585 obsequiis
1224 1555 1529 1585 quorumcumque,
1555 1544 1599 1574 ad
1615 1554 1690 1583 pre-

308 1587 419 1618 fatam
438 1588 629 1619 Ecclesiam
648 1590 887 1619 Parochialem
903 1589 997 1620 infra
1013 1590 1138 1629 viginti
1156 1590 1290 1620 dierum
1316 1589 1481 1628 spacium,
1499 1599 1519 1618 a
1535 1592 1691 1628 tempore

310 1631 546 1662 Monicionum
574 1636 771 1663 vestrarum
801 1633 1000 1673 hujusmodi
1027 1634 1190 1664 continue
1208 1634 1514 1670 numerandarum,
1533 1635 1691 1663 cessante

308 1676 467 1715 legitimo
484 1677 744 1717 impedimento,
757 1678 910 1715 accedat,
924 1680 959 1708 et
971 1688 1051 1708 eure
1066 1678 1233 1718 ejusdem,
1251 1688 1313 1717 pro
1331 1677 1542 1716 competenti
1556 1677 1690 1713 salario,

310 1723 347 1750 ut
374 1721 547 1759 convenit,
576 1721 761 1759 deserviat,
791 1722 854 1751 sub
883 1732 972 1761 pena
998 1722 1240 1762 Suspensionis
1266 1722 1309 1752 ab
1336 1722 1456 1758 officio,
1482 1721 1516 1751 in
1541 1721 1690 1760 quadam

308 1764 571 1795 Constitucione
600 1766 808 1796 Provinciali
835 1766 922 1796 bone
949 1767 1114 1797 memorie
1142 1766 1280 1796 Domini
1313 1766 1485 1805 Symenis,
1517 1765 1689 1805 quondam

310 1809 572 1839 cantuariensis
600 1810 870 1850 Archiepiscopi,
899 1811 933 1839 in
961 1811 1026 1840 hac
1051 1814 1151 1850 parte
1177 1811 1242 1840 rite
1270 1810 1373 1845 edite,
1402 1810 1544 1850 provide
1568 1809 1639 1839 lata
1657 1814 1690 1838 et

310 1853 446 1892 publice
463 1854 704 1893 promulgat33
729 1864 844 1894 quam,
861 1855 889 1885 si
901 1855 1100 1895 hujusmodi
1122 1854 1374 1885 Monicionibus
1392 1857 1426 1884 et
1445 1853 1690 1894 Requisicioni-

310 1897 373 1927 bus
390 1897 483 1928 infra
499 1902 638 1938 tempus
655 1899 861 1938 predictum,
879 1902 1036 1929 cessante
1054 1899 1210 1938 legitimo
1228 1899 1489 1938 impedimento,
1504 1908 1571 1928 non
1589 1907 1689 1936 paru-

308 1942 375 1972 erit
392 1952 469 1971 cum
488 1942 625 1981 effectu,
644 1953 683 1973 eo
700 1943 775 1982 ipso
787 1954 822 1973 se
834 1944 969 1973 noverit
983 1943 1375 1974 incursu1¹u¹n;—Dated
1389 1946 1424 1972 at
1439 1943 1546 1981 Clyst,
1561 1943 1602 1971 22
1615 1942 1691 1972 Oct.

264 1995 392 2033 Duloe
414 1994 572 2048 [Duloo,
593 1995 691 2049 MS]
710 2010 720 2043 ,·
752 1998 900 2034 Master
920 1996 1090 2034 Thomas
1116 1997 1304 2042 Lanrake,
1329 1996 1448 2042 Ru,-

266 2051 412 2081 Licence
429 2050 465 2081 of
480 2052 745 2083 non-residence
762 2052 818 2082 for
833 2063 853 2082 a
869 2062 962 2092 year,
981 2056 1016 2082 to
1033 2053 1138 2092 study
1155 2055 1191 2082 at
1209 2052 1339 2083 Oxford
1360 2050 1486 2091 (Clyst,
1503 2051 1546 2081 26
1563 2049 1668 2090 Oct.).

153 2105 202 2164 23¹3
260 2106 316 2142 St.
343 2105 766 2154 Mawgan-in-Kerrier
785 2107 870 2143 and
889 2108 943 2143 St.
972 2105 1119 2143 Probus
1137 2119 1146 2152 3
1178 2107 1328 2143 Limnaee
1350 2113 1384 2142 to
1405 2106 1647 2149 celebrate,—

154 2156 215 2197 N'O‘.
264 2163 365 2197 Item,
383 2160 475 2199 apud
494 2160 602 2200 Clyst,
620 2161 728 2192 tercio
746 2162 800 2192 die
818 2162 948 2192 mensis
965 2162 1182 2199 Novembris,
1200 2161 1370 2191 Dominus
1384 2160 1554 2191 concessit
1572 2159 1690 2190 Licen-

154 2214 229 2231 vssm-
310 2204 399 2233 ciam
428 2204 575 2235 Domino
600 2205 752 2235 ‚Iohanni
780 2205 1006 2236 Rcskemmer
1030 2209 1063 2236 ct
1090 2206 1225 2236 Matildi
1250 2206 1325 2245 ejus
1346 2205 1453 2242 uxori,
1471 2207 1505 2235 ct
1524 2204 1690 2241 Elizabet,

156 2248 221 2265 ΗΚ
310 2248 377 2277 filie
404 2249 616 2285 eorumdem,
643 2251 733 2289 quod
760 2251 894 2289 possint
916 2250 1031 2280 facere
1057 2250 1223 2280 celebrari
1250 2250 1384 2285 Divina,
1403 2252 1478 2287 etc,
1496 2249 1532 2278 in
1551 2248 1691 2288 Capella

312 2292 382 2322 sive
409 2293 579 2331 0ratorio,
603 2293 694 2323 infra
721 2294 918 2324 Mansiones
936 2304 1015 2324 suas
1037 2295 1078 2324 de
1106 2294 1331 2324 Reskcmmer
1347 2301 1381 2324 et
1399 2292 1639 2332 Trenewythc,
1657 2293 1692 2322 in

312 2336 489 2367 Parochiis
508 2337 715 2367 Sanctorum
735 2339 897 2377 Maugani
916 2342 950 2368 et
970 2339 1070 2368 Probi
1089 2338 1236 2369 situatas
1252 2353 1258 2375 ;
1278 2338 1321 2368 ad
1339 2337 1606 2376 beneplacitum,
1624 2340 1695 2370 etc,

1383 2382 1394 2392 .

264 2389 516 2427 (¹0nfessi0ns
534 2404 542 2435 3
573 2392 750 2428 Lz'cencz'a
769 2393 821 2428 ad
847 2393 1058 2439 eliyewlzcm
1081 2393 1403 2440 Confessorem,—-

270 2445 371 2483 Item,
398 2445 537 2482 ibidem,
562 2446 683 2486 quinto
708 2447 761 2477 die
779 2447 935 2487 ejusdem
952 2448 1082 2477 mensis
1099 2447 1315 2481 Novembris,
1335 2446 1503 2476 Dominus
1520 2445 1691 2476 concessit

314 2489 507 2519 Licenciam
528 2491 675 2521 Domino
693 2491 853 2530 Philippo
871 2491 1070 2531 Courtcnay
1087 2494 1121 2521 ct
1148 2491 1293 2521 Domine
1313 2491 1412 2521 Anne
1429 2490 1504 2530 ejus
1522 2489 1628 2527 uxori,
1646 2489 1689 2519 ad

311 2534 509 2571 eligendum
536 2534 600 2564 sibi
630 2535 864 2572 Confessores,
894 2546 1001 2565 unum
1029 2536 1083 2565 vel
1108 2536 1233 2575 plures,
1258 2535 1432 2574 ydoneum
1451 2544 1511 2564 seu
1527 2534 1689 2574 ydoneos,

311 2578 444 2608 tociens
460 2581 495 2608 et
513 2579 685 2617 quociens,
703 2582 768 2610 etc.
783 2594 789 2616 ;
814 2580 857 2609 ad
874 2580 1129 2619 beneplacitum
1148 2579 1286 2609 Domini
1304 2579 1518 2609 duraturam.

267 2637 550 2673 Manumission
572 2637 614 2674 of
632 2650 655 2674 a
676 2638 782 2684 serf,
815 2640 1066 2676 illrznumissz'o
1087 2640 1134 2675 R.
1159 2639 1395 2687 Gryndel,—

269 2691 428 2729 Thomas,
447 2695 522 2727 etc.v
540 2693 701 2723 omnibus
717 2694 760 2723 ad
774 2704 859 2732 quos
876 2698 1055 2733 presentes
1073 2693 1187 2723 Litere
1204 2693 1437 2733 pervenerint,
1451 2693 1609 2729 salutem,
1624 2698 1688 2721 etc.

314 2735 438 2765 Sciatis
457 2746 528 2773 nos,
546 2737 587 2767 (le
605 2747 775 2767 consensu
793 2738 923 2768 Dec-cuii
941 2741 975 2768 et
994 2738 1145 2777 Capituli
1164 2738 1316 2768 Ecclesie
1334 2740 1451 2767 nostre
1470 2736 1689 2766 Cathedralis

312 2779 526 2817 Exoniensis‚
551 2781 796 2811 manumisisse
820 2784 855 2811 et
878 2782 1026 2812 liberum
1050 2782 1175 2812 fecisse
1200 2781 1431 2820 Reginaldum
1457 2779 1621 2820 Gryndel,
1647 2779 1688 2809 de

314 2823 468 2853 Manerio
493 2827 612 2855 nostro
636 2825 678 2855 de
703 2825 908 2865 Teyngtone
931 2826 1102 2865 Episcopi,
1127 2836 1189 2865 pro
1213 2826 1303 2856 bono
1330 2825 1474 2855 servicio
1503 2834 1564 2854 suo
1591 2823 1690 2853 nobis

313 2867 468 2905 impenso
485 2871 516 2897 ct
537 2868 764 2907 imposterum
777 2870 1020 2909 impendendo,
1034 2871 1077 2900 ab
1090 2870 1183 2900 omni
1200 2868 1486 2910 j11g011ayxdtatis
1502 2869 1537 2898 et
1554 2866 1689 2898 servilis
