1907 3212
132 419 208 446 AD.

131 453 206 479 1387.

448 321 733 355 1111013111οΜ
769 319 1228 355 οοΜΜυΝΕ-ΑΝΝΟ
1269 306 1362 355 17⁰.
1576 308 1669 351 639

286 423 442 454 sencium
465 424 697 456 nominamus.
754 424 811 454 Ita
835 423 935 465 quod,
953 425 1134 462 assumpto
1152 433 1222 454 uno
1247 422 1290 453 de
1314 421 1504 454 nominatis
1522 420 1617 461 ipsis,
1634 422 1669 451 et

131 486 194 513 Vol
216 486 239 512 5
287 467 346 498 alii
363 467 538 499 Canonieo
555 468 708 500 Ecclesie
730 470 855 506 vestre,
878 477 941 508 per
962 477 1024 498 vos
1048 467 1168 506 electo,
1185 467 1362 508 adjuncto,
1378 476 1442 506 per
1462 465 1612 503 eosdem,
1629 467 1668 494 ut

133 849 214 875 Mu·

133 890 178 909 us.

286 512 514 551 premittitur,
543 512 734 543 secundum
764 512 874 552 ipsius
902 511 1034 542 Statuti
1061 511 1223 549 officium,
1251 513 1328 550 etc,
1356 511 1442 541 fiant
1467 509 1668 550 hujusmodi

286 555 455 606 Visitacio
482 558 518 587 et
539 556 608 587 alia
641 566 707 597 que
736 555 1131 587 incumbunt.—Dated'
1146 555 1183 586 in
1215 555 1276 586 the
1305 554 1603 595 Chapter-House‚
1625 553 1669 583 20

286 599 397 639 ΑΡΠΙ.
518 642 568 684 [A
585 654 687 684 space
707 642 742 684 (3
759 641 864 685 lines)
885 653 956 675 was
972 642 1039 674 left
1053 643 1161 674 blank
1176 640 1290 684 here.]

239 708 702 760 Letters-Dimissory‚—-

242 762 335 794 John
362 764 502 819 Li’eghe,
529 764 736 803 subdeaeon‚
766 763 840 794 “ad
871 763 994 795 Sacros
1025 764 1238 795 Diaconatus
1261 765 1297 794 et
1324 761 1581 794 Presbiteratus
1605 760 1666 792 Or-

288 807 417 838 dines”
438 806 590 848 (Ottery,
607 809 649 838 22
665 806 795 848 April).

242 851 334 882 John
352 853 434 890 Dru,
452 852 658 891 subdeaoon,
675 853 834 883 similiter
852 850 1021 892 (London,
1038 852 1058 882 2
1076 849 1186 892 May).

243 896 398 979 Walter)
400 896 567 935 Bodman,
592 896 732 936 deacon,
761 895 835 926 “ad
863 896 1008 927 Sacrum
1039 895 1297 927 Presbiteratus
1328 894 1494 926 Ordinem
1507 893 1526 907 ’'
1554 891 1666 933 (same

288 940 368 970 date

241 994 502 1041 Axminster3
530 993 691 1031 Licence
711 999 747 1031 to
765 993 1012 1040 celebrate,—

242 1048 344 1086 Item,
362 1048 510 1088 prefatis
526 1049 581 1081 die
597 1052 633 1080 et
648 1049 732 1087 loco,
750 1049 920 1080 Dominus
935 1049 1106 1080 concessit
1131 1048 1327 1079 Licenciam
1352 1048 1488 1087 Rogero
1513 1045 1606 1086 Grey
1630 1047 1666 1076 et

286 1093 362 1132 ejus
378 1093 486 1132 uxori,
503 1093 595 1133 quod
616 1093 751 1133 possint
773 1093 889 1124 facere
914 1093 1040 1124 Divina
1063 1092 1240 1131 celebrari,
1257 1094 1333 1130 etc.‚
1357 1091 1394 1122 in
1418 1091 1569 1131 Capella,
1594 1089 1667 1121 sive

287 1136 457 1176 Oratorio,
482 1137 672 1168 Mansionis
701 1137 903 1168 eorumdem
931 1137 973 1168 de
1004 1137 1124 1176 Beare,
1151 1136 1246 1167 infra
1276 1135 1482 1166 Parochiam
1513 1135 1555 1165 de
1579 1134 1667 1165 Axe·

287 1183 445 1220 mynstre
461 1181 610 1219 situate;
635 1182 810 1222 quamdiu,
828 1183 894 1212 etc.

243 1233 326 1270 The
359 1233 460 1271 War
489 1234 588 1271 with
620 1234 798 1281 France;
837 1234 1080 1272 illaudatum
1102 1234 1158 1272 ad
1188 1233 1388 1271 orandum
1410 1246 1486 1282 pro
1518 1231 1666 1270 Comite

323 1288 567 1334 Arundellie,
588 1288 812 1325 Admirallo
830 1288 1042 1336 sambae,—

221 1342 385 1373 Directed
401 1343 448 1383 by
462 1343 523 1374 the
539 1343 759 1383 Arehbishop
783 1343 820 1374 of
844 1343 1064 1383 Canterbury
1090 1341 1148 1383 (25
1166 1339 1302 1382 March)
1330 1345 1366 1372 to
1389 1341 1450 1372 the
1476 1341 1605 1380 Bishop
1629 1340 1667 1371 of

287 1386 441 1425 London,
458 1387 527 1417 and
549 1388 597 1427 by
619 1387 693 1418 him
716 1388 942 1418 transmitted
970 1386 1005 1427 (3
1029 1385 1144 1427 April)
1171 1390 1208 1418 to
1231 1387 1291 1417 the
1317 1386 1445 1425 Bishop
1469 1385 1506 1416 of
1531 1385 1668 1423 Exeter,

288 1431 365 1461 who
382 1434 460 1461 sent
476 1432 591 1482 copies
607 1434 644 1462 to
659 1432 720 1462 the
737 1432 835 1462 Dean
851 1432 920 1462 and
938 1431 1092 1471 Chapter
1108 1432 1177 1462 and
1193 1431 1252 1461 the
1270 1430 1350 1461 four
1366 1431 1456 1460 Arci:
1463 1430 1622 1467 deacons,
1626 1446 1669 1449 —

132 1471 177 1498 sol
193 1470 269 1499 172b.
286 1474 398 1504 Cum*
390 1475 521 1506 mimici
538 1476 649 1507 nostri
667 1476 821 1515 Francie,
839 1478 874 1506 et
895 1476 955 1506 alii
978 1476 1187 1506 adherentes
1210 1475 1351 1513 eisdem,
1368 1474 1435 1504 nisi
1460 1474 1530 1504 sint
1554 1474 1669 1513 sepius

288 1519 447 1558 Regnum
474 1519 600 1560 Anglie
622 1520 796 1558 invadere,
823 1523 858 1550 et
880 1530 944 1559 pro
970 1530 1071 1560 posse
1098 1520 1285 1550 intendant
1310 1519 1425 1558 ipsum
1449 1518 1609 1557 Regnum
1633 1520 1668 1548 et

287 1565 399 1593 totam
431 1564 603 1603 Linguam
634 1564 813 1594 destruere
843 1564 1084 1603 Anglicanam,
1111 1567 1146 1594 et
1173 1563 1379 1604 quamplura
1404 1562 1505 1599 mala,
1533 1564 1606 1591 tam
1633 1561 1669 1592 in

287 1608 376 1637 mari
392 1617 497 1648 quam
513 1608 550 1638 in
566 1609 729 1639 Partibus
745 1608 941 1647 maritimis,
959 1610 1081 1638 contra
1097 1608 1285 1638 Dominum
1301 1609 1461 1637 nostrum
1485 1606 1615 1645 Regem
1632 1608 1668 1636 et

288 1651 396 1690 ligeos
413 1662 502 1690 suos,
520 1652 562 1683 de
579 1652 701 1683 diebus
717 1652 753 1682 in
769 1653 843 1683 dies
860 1653 1079 1683 committere
1096 1662 1165 1682 non
1183 1651 1363 1689 desistant,
1380 1650 1474 1681 idem
1498 1650 1668 1680 Dominus

287 1698 407 1726 noster
423 1696 505 1735 Rex,
522 1696 676 1736 ipsorum
693 1697 839 1727 maliciis
855 1706 918 1736 pro
933 1706 1033 1736 posse
1057 1697 1200 1736 cupiens
1223 1695 1374 1733 obviare,
1399 1694 1565 1724 dilectum
1590 1703 1667 1724 con-

288 1740 517 1778 sanguineum
543 1751 654 1779 suum,
679 1741 866 1771 Dominum
892 1741 1089 1778 Ricardum,
1116 1740 1287 1771 Comitem
1311 1738 1524 1776 Arundellie‚
1548 1737 1667 1768 Admi-

288 1764 414 1813 rallum
445 1794 546 1814 suum
570 1785 706 1824 Anglie,
735 1784 779 1815 ad
809 1785 1097 1824 proficiscendum
1126 1793 1231 1823 supra
1257 1793 1364 1821 mare,
1389 1793 1468 1813 011111
1492 1782 1668 1813 nonnullis

290 1827 512 1866 Mag-natibus
539 1830 575 1858 et
605 1829 682 1859 aliis
715 1829 890 1859 Fidelibus
918 1829 999 1866 suis,
1024 1829 1069 1858 ad
1092 1828 1266 1858 maliciam
1293 1830 1328 1857 et
1355 1818 1568 1866 proterxiam
1592 1836 1667 1865 pre-

289 1871 462 1901 dictorum
489 1872 652 1911 hostium,
676 1873 802 1902 Divina
825 1873 1001 1903 mediante
1023 1872 1150 1912 gracia,
1178 1871 1462 1911 propulsandum,
1487 1880 1527 1900 ac
1551 1870 1666 1900 Eccle-

292 1915 379 1944 siam
396 1918 432 1945 et
449 1916 607 1954 Regnum
624 1898 749 1955 A’nglie
766 1916 1019 1956 protegendum
1036 1918 1139 1956 atque
1156 1915 1372 1953 salvandum,
1390 1915 1431 1945 de
1448 1924 1592 1945 assensu
1615 1914 1669 1944 sui

291 1958 435 1989 Concilii
452 1960 625 1990 ordinavit
642 1960 713 1990 suis
730 1960 866 1999 Literis,
883 1970 946 1990 nos
962 1960 1117 1999 rogando
1133 1960 1307 1999 quatinus,
1324 1969 1387 1998 pro
1411 1968 1473 1989 suo
1497 1961 1532 1989 et
1556 1958 1668 1988 tocius

291 2003 400 2040 Regni
425 2005 459 2033 et
485 2003 637 2034 Ecclesie
662 2004 854 2043 Anglicane
879 2006 974 2034 statu
997 2014 1037 2034 ac
1061 2003 1154 2034 felici
1179 2004 1401 2042 expedicione
1424 2002 1532 2042 ipsius
1549 2002 1667 2032 Admi-

290 2047 367 2076 ralli
391 2050 427 2077 ot
450 2048 596 2078 aliorum
621 2058 737 2078 secum
762 2049 1018 2085 comitanoium,
1045 2048 1289 2085 Suffraganeos
1312 2050 1459 2085 nostros,
1476 2050 1511 2076 et.
1535 2049 1668 2077 ceteros

289 2094 362 2120 tam
381 2091 571 2130 Religiosos
587 2102 689 2132 quam
707 2093 792 2122 alios
809 2096 926 2122 nostre
945 2093 1124 2122 Provincie
1143 2092 1331 2129 universos,
1349 2092 1393 2121 ad
1417 2091 1666 2121 effundendum

289 2135 381 2174 apud
398 2135 618 2166 Altissimum
642 2146 761 2176 preces
785 2136 938 2174 devotas,
962 2138 1062 2166 tanta
1085 2136 1293 2166 necessitate
1317 2138 1492 2173 causante,
1509 2145 1572 2174 pro
1588 2135 1666 2164 viri-

290 2178 354 2209 bus
370 2179 622 2210 induceremus.
670 2180 750 2217 Nos,
768 2180 884 2218 igitur,
901 2180 1010 2219 ipsius
1027 2181 1164 2210 Domini
1182 2180 1291 2210 nostri
1317 2180 1420 2219 Regis
1444 2179 1665 2210 devocionem

290 2223 499 2253 laudabilem
516 2224 552 2253 in
569 2225 716 2254 Domino
733 2224 1026 2262 commendantes,
1044 2234 1083 2254 ac
1101 2224 1321 2254 attendentes
1338 2223 1429 2264 quod
1445 2223 1616 2253 fortitudo
1633 2226 1667 2253 et

289 2267 435 2298 victoria
452 2268 531 2297 belli
549 2268 592 2298 ab
611 2268 660 2298 Eo
677 2270 729 2299 est
747 2268 811 2307 Qui
835 2269 935 2298 docet
957 2278 1081 2298 manus
1105 2268 1149 2298 ad
1172 2269 1320 2307 prelium
1344 2270 1379 2298 et
1402 2267 1545 2297 brachia
1569 2267 1667 2306 ponit

289 2320 367 2341 erea
385 2314 507 2342 contra
524 2312 650 2350 hostes,
667 2319 781 2343 vestre
799 2313 986 2343 reverendo
1012 2313 1239 2342 Fraternitati
1262 2312 1478 2352 injungimus
1502 2312 1666 2351 quatinus

289 2356 449 2386 omnibus
465 2359 500 2386 et
517 2356 662 2396 singulis
681 2357 860 2387 Fratribus
877 2357 1005 2387 nostris
1021 2360 1056 2387 et
1074 2356 1293 2396 Coepiscopis
1309 2356 1437 2386 nostris
1454 2358 1488 2386 et
1514 2356 1666 2385 Ecclesie

289 2403 406 2429 nostre
425 2400 685 2431 Cantuariensis
704 2400 949 2439 Suffraganeis,
967 2410 1045 2430 cum
1063 2410 1103 2430 ca
1128 2401 1305 2431 celeritate
1329 2410 1397 2439 qua
1420 2400 1589 2439 poteritis,
1614 2400 1664 2429 in-

289 2443 445 2483 jungatis
469 2445 559 2484 quod
582 2445 658 2483 ipsi,
690 2445 725 2474 in
750 2445 821 2475 suis
846 2444 1122 2482 Cathedralibus,
1147 2452 1223 2481 etc,
1248 2443 1425 2483 premissis
1450 2444 1586 2483 publice
1610 2453 1664 2473 ex-

289 2488 421 2526 positis,
436 2498 515 2519 suos
532 2489 698 2526 subditos,
716 2489 858 2519 clericos
875 2491 909 2519 et
925 2489 1040 2527 laicos,
1054 2489 1240 2519 efficaciter
1256 2491 1419 2518 moueant
1436 2491 1472 2518 et
1488 2487 1665 2525 inducant,

288 2534 364 2570 etc.,
382 2535 421 2562 ut
437 2542 499 2572 pro
516 2536 610 2563 statu
628 2533 779 2563 Ecclesie
796 2543 836 2563 ac
853 2533 991 2562 Domini
1008 2533 1118 2563 nostri
1136 2533 1240 2571 Regis
1256 2535 1289 2562 et
1309 2532 1428 2569 Regni,
1446 2542 1579 2562 necnon
1604 2541 1666 2571 pro

288 2577 519 2615 prosperitate
533 2580 567 2607 et
580 2576 673 2607 felici
690 2577 911 2616 expedicione
929 2577 1164 2616 predictorum
1182 2576 1327 2606 Comitis
1344 2580 1379 2606 et
1398 2576 1611 2615 Magnatum,
1626 2585 1666 2606 ac

289 2620 437 2650 aliorum
465 2621 515 2651 eis
542 2620 692 2651 fideliter
717 2621 969 2658 assistencium,
998 2621 1056 2660 qui
1087 2631 1123 2651 se
1154 2621 1247 2659 ipsos
1277 2620 1386 2650 tantis
1417 2620 1580 2659 periculis
1604 2629 1665 2659 pro

289 2664 440 2695 tuicione
472 2665 624 2695 Ecclesie
653 2668 687 2694 et
716 2665 826 2703 Regni
857 2668 1043 2704 exponunt,
1076 2665 1111 2694 in
1145 2665 1330 2694 Missarum
1362 2664 1571 2703 solempniis,
1597 2673 1665 2694 ser-

289 2709 458 2747 monibus,
485 2714 520 2739 et
545 2709 822 2748 processionibus
849 2709 1006 2748 publicis,
1032 2718 1072 2738 ea
1100 2708 1141 2738 de
1166 2718 1280 2746 causa,
1305 2708 1450 2746 singulis
1474 2708 1607 2747 quartis
1631 2711 1666 2737 et

288 2752 394 2783 sextis
412 2753 508 2783 feriis
522 2754 656 2791 saltem,
670 2753 704 2783 in
722 2753 867 2791 singulis
881 2753 1054 2789 Ecclesiis,
1068 2752 1133 2782 nisi
1150 2752 1359 2783 racionabile
1377 2751 1665 2791 impedimentum

288 2798 536 2835 supervenerit,
555 2797 733 2835 faciendis,
755 2797 903 2827 humiles
927 2797 1019 2836 apud
1044 2797 1153 2826 Deum
1179 2799 1213 2826 et
1237 2796 1393 2826 assiduas
1415 2806 1534 2835 preces
1558 2796 1666 2825 effun-

289 2840 393 2878 dant;
417 2851 556 2881 vosque,
576 2842 698 2872 Frater
714 2841 901 2878 carissime,
920 2841 1087 2879 premissa
1105 2841 1140 2870 in
1158 2841 1282 2870 vestris
1301 2840 1451 2870 Civitate
1471 2843 1506 2870 et
1531 2840 1666 2870 Diocesi

287 2883 426 2943 faciatis
456 2886 643 2917 efficaciter
673 2882 983 2925 observari—[He
1014 2884 1161 2924 granted
1192 2894 1236 2914 an
1268 2884 1480 2924 Indulgence
1504 2883 1541 2914 of
1571 2883 1667 2924 forty

273 2941 318 2973 F.
