1907 3212
184 425 208 450 Α
215 446 220 451 .
227 425 261 451 D.

186 460 257 485 1386.

184 492 246 519 Vol.
264 492 286 518 1.

186 601 230 627 sol.
248 601 322 627 154b.

502 323 788 359 REGISTRUM
825 323 1274 359 COMMUNE-ANNO
1315 315 1409 358 16⁰.
1624 312 1679 354 61
1694 310 1713 352 1

340 427 539 468 hujusmodi
555 429 693 460 malicia
709 439 771 460 sua
787 428 935 469 pristina
951 428 1205 459 contumaciter
1219 430 1254 458 et
1271 427 1448 458 rebelliter
1459 425 1629 465 elegerint
1641 434 1716 464 per-

340 472 476 510 durare,
506 473 726 504 Sentenciam
760 472 1140 504 Excommunicacionis
1172 472 1315 512 Majoris
1345 471 1381 501 in
1406 471 1500 510 ipsos
1531 478 1651 501 omnes
1682 473 1717 499 et

340 516 504 556 singulos,
520 527 628 556 mora,
645 518 756 558 culpa,
773 520 808 548 et
825 518 957 548 offensa
979 527 1098 548 eorum
1122 516 1400 556 precedentibus,
1424 515 1516 545 trina
1542 513 1717 544 Canonica

341 560 535 592 Monicione
552 562 732 601 premissa,
750 561 920 592 studeatis
939 561 1099 601 legitime·
1116 561 1348 600 promulgare.
1396 559 1449 589 Ad
1467 569 1531 598 qne
1550 557 1717 597 premissa

339 604 499 635 facienda
524 606 631 643 vobis,
656 608 690 636 ct
715 605 857 636 cuilibet
886 608 1051 643 vestrum,
1070 607 1189 635 tenore
1215 604 1439 635 Presencium
1464 601 1717 633 committimus

339 648 430 679 vices
447 652 593 687 nostras,
611 660 690 680 cum
707 650 893 690 cujuslibet
909 649 1123 680 cohercionis
1148 648 1320 680 Canonice
1344 650 1528 687 potestate.
1576 646 1626 677 Dc
1651 645 1716 679 die,

339 703 430 731 vero,
460 694 672 733 recepcionis
704 694 937 731 Presencium,
966 695 1002 724 et
1033 693 1115 733 quid
1143 692 1297 723 feceritis
1326 692 1361 722 in
1390 691 1578 731 premissis,
1604 694 1716 720 etc.—

342 737 453 767 Dated
471 740 507 767 at
525 738 723 777 Faringdon
744 736 900 778 (Hunis),
920 738 960 767 12
977 737 1086 776 April.

293 800 494 847 Crediton,
530 801 598 839 the
632 801 849 852 Collegiate
882 801 1039 839 Church
1071 800 1112 838 of
1125 814 1134 847 3
1167 801 1327 847 Querela
1360 799 1548 848 Mayz'strc'
1583 799 1720 835 leome

353 857 523 904 Cary,—

298 909 456 948 Thomas,
474 914 550 948 etc„
569 912 707 941 Decano
726 910 914 941 PecuIiaris
939 915 1056 940 nostre
1073 909 1334 940 Jurisdiccionis
1352 909 1393 939 de
1412 908 1611 948 Cryditone,
1630 907 1717 937 salu-

345 2716 501 2757 (Hcmts),
520 2718 559 2747 12
578 2719 685 2757 April.

341 958 423 991 tem,
441 955 688 986 etc.—Literas
706 955 869 985 Officialis
887 954 989 985 Curie
1008 953 1270 984 Cantuariensis
1286 953 1384 984 tarde
1402 952 1606 992 recepimus,
1624 956 1718 982 teno-

341 1008 413 1028 rcm
428 999 484 1038 qui
499 999 655 1039 sequitur
665 998 1081 1037 continentes‚—Thome,
1091 997 1398 1036 etc.‚*Querelam
1414 996 1574 1036 Magistri
1589 996 1719 1026 Thome

342 1042 442 1082 Cary,
462 1043 626 1073 Canonici
645 1043 796 1074 Ecclesie
815 1043 1003 1082 Collegiate
1022 1042 1147 1073 Sancte
1165 1042 1285 1072 Crucis
1299 1041 1513 1081 Cryditonie,
1525 1044 1559 1071 et
1571 1040 1719 1070 Prehen-

341 1086 428 1116 darii
458 1087 635 1118 Prebende
663 1088 704 1118 de
731 1087 918 1125 Carswille‚
946 1110 1282 1117 ...........
1286 1083 1292 1101 ¹
1314 1088 1444 1116 temere
1471 1084 1719 1124 ingredientes,

342 1131 525 1161 nonnullos
542 1142 622 1161 oves
639 1139 673 1161 et
699 1131 784 1162 alias
801 1141 856 1161 res
879 1131 1023 1161 mobiles
1047 1131 1131 1161 dicti
1155 1130 1320 1160 Canonici
1338 1132 1372 1160 et
1390 1128 1615 1159 Prebendarii
1635 1127 1720 1158 inibi

340 1175 539 1212 existentes,
556 1178 673 1215 preter
689 1178 723 1205 et
741 1178 862 1205 contra
879 1175 1094 1205 voluntatem
1112 1181 1147 1205 ct
1171 1174 1435 1213 permissionem
1459 1173 1543 1203 dicti
1560 1171 1721 1212 Magistri

341 1218 480 1257 Thome,
498 1225 574 1253 etc..
592 1229 631 1250 ac
649 1219 802 1250 custodis
819 1219 909 1249 dicte
935 1219 1113 1249 Prebende
1141 1225 1175 1249 et
1202 1218 1314 1249 mansi
1339 1218 1507 1258 ejusdem,
1536 1217 1663 1254 ovium,
1686 1219 1721 1247 et

339 1273 455 1293 rernm
483 1263 728 1302 predictarum,
754 1263 982 1301 abduxerunt,
1008 1266 1282 1300 contractarunt,
1299 1264 1600 1301 consumpserunt«,
1618 1263 1652 1291 et
1669 1270 1720 1291 as-

340 1309 534 1345 portarunt,
561 1310 636 1345 ete,
665 1308 751 1337 adeo
779 1307 870 1347 quod
895 1318 964 1338 non
992 1307 1060 1337 fuit
1086 1318 1150 1337 nec
1174 1310 1225 1337 est
1244 1306 1388 1336 dubium
1406 1306 1497 1346 ipsos
1513 1305 1720 1341 Johannem,

339 1351 359 1381 J
362 1351 544 1388 ohannem,
562 1356 596 1381 et
617 1351 813 1382 Galt'ridum
832 1351 1045 1382 Libertatem
1064 1351 1344 1382 Ecclesiasticam
1362 1350 1495 1380 notorie
1512 1350 1669 1387 violasse,
1687 1355 1722 1379 et

340 1402 522 1434 propterea
536 1396 570 1425 in
586 1396 728 1435 Majoris
740 1395 1122 1426 Exeommunicacionis
1137 1395 1355 1425 Sentenciam
1369 1394 1541 1425 incidisse.
1570 1394 1722 1433 Parsque

340 1439 424 1469 dicti
449 1440 609 1479 Magistri
632 1440 772 1477 Thome,
793 1443 869 1477 etc„
889 1440 1052 1479 congruis
1072 1440 1146 1470 loco
1170 1441 1205 1469 et
1233 1441 1390 1478 tempore
1408 1449 1426 1468 a
1451 1438 1549 1469 vobis
1566 1438 1720 1477 legitime

339 1483 439 1522 petiit
456 1484 586 1523 pluries
603 1489 637 1514 et
655 1484 830 1514 instanter
853 1484 1017 1523 quatinus
1040 1483 1196 1522 prefatos
1223 1483 1431 1521 ζ101111111111111,
1456 1485 1532 1520 eto,
1550 1485 1585 1512 et«
1601 1492 1720 1512 eorum

339 1528 538 1567 quemlibet,
551 1538 654 1567 super
664 1528 852 1567 premissis,
862 1532 1034 1568 quatenus
1047 1528 1122 1567 ipsa
1141 1528 1267 1557 Forum
1279 1531 1493 1558 concernunt
1506 1526 1721 1557 Ecclesiasti-

340 1581 419 1601 cum
437 1572 630 1611 dumtaxat,
648 1572 810 1603 faceretis
835 1582 951 1603 coram
973 1572 1070 1602 vobis
1088 1572 1132 1602 ad
1148 1571 1317 1612 judicium
1342 1572 1488 1609 evocari,
1513 1581 1553 1601 ac
1575 1570 1722 1601 ulterius

339 1615 477 1655 justicie
489 1616 784 1656 complementum
798 1616 1007 1647 exhiberetis
1023 1616 1153 1653 eidem3
1171 1626 1241 1653 vos,
1254 1620 1382 1653 tamen,
1398 1616 1539 1645 Partem
1550 1615 1661 1654 ipsam
1673 1614 1721 1645 sic

340 1663 516 1698 petentem
541 1660 771 1691 effectualiter
793 1661 956 1691 exaudire
981 1664 1015 1690 et
1038 1660 1215 1701 justiciam
1239 1660 1302 1690 sibi
1320 1660 1354 1689 in
1373 1659 1550 1699 premissis
1568 1659 1720 1689 debitam

339 1704 455 1734 facere
472 1715 541 1735 non
560 1705 716 1742 curastis,
736 1711 788 1735 set
805 1705 1003 1743 recusastis,
1022 1715 1083 1735 seu
1099 1704 1177 1743 plus
1195 1704 1311 1734 debito
1328 1704 1513 1734 distulistis
1525 1706 1558 1734 et
1573 1703 1721 1733 differtis

340 1748 480 1788 injuste,
492 1749 527 1778 in
544 1749 653 1788 ipsius
666 1749 825 1788 Magistri
837 1749 966 1779 Thome
980 1749 1211 1788 prejudicium
1225 1754 1259 1778 et
1276 1758 1477 1787 gravamen.
1522 1748 1622 1778 Unde
1637 1747 1722 1778 Pars

340 1792 507 1832 ejusdem,
525 1793 568 1823 ad
586 1803 647 1823 nos
664 1796 904 1832 competenter
920 1793 1098 1831 accedens,
1123 1796 1157 1823 et
1182 1792 1352 1831 premissa
1377 1792 1476 1823 nobis
1493 1791 1648 1822 seriatim
1666 1801 1720 1821 ex-

340 1846 482 1875 ponens,
510 1837 573 1867 sibi
600 1847 703 1876 super
732 1837 797 1867 hiis
823 1837 864 1867 de
890 1837 1043 1867 remedio
1068 1847 1130 1876 per
1154 1847 1216 1867 nos
1233 1836 1404 1876 provideri
1423 1836 1522 1875 petiit
1541 1838 1722 1875 oportuno.

341 1880 517 1918 Nolentes,
532 1881 648 1921 igitur,
661 1881 773 1911 eidem
791 1882 827 1911 in
845 1891 907 1912 sua
924 1882 1042 1912 deesse
1059 1881 1210 1921 justicia,
1230 1881 1331 1911 sicuti
1348 1891 1411 1911 nec
1426 1881 1601 1917 debemus,
1613 1880 1720 1916 vobis,

341 1935 419 1954 cum
447 1935 487 1955 ca
512 1935 578 1964 qua
603 1925 701 1955 decet
726 1925 935 1963 reverencia,
954 1926 1045 1955 dicte
1064 1924 1166 1955 Curie
1183 1925 1402 1963 auctoritate,
1419 1927 1496 1962 ctc.,
1514 1924 1721 1954 mandamus

341 1969 514 2008 quatinus,
533 1969 560 1999 si
578 1972 630 1999 est
647 1969 706 2007 ita,
725 1969 817 1999 infra
835 1969 1031 2009 quindecim
1049 1969 1184 1999 dierum
1210 1969 1376 2008 spacium,
1394 1980 1413 1999 a
1431 1975 1587 2008 tempore
1605 1978 1719 2007 recep-

340 2012 448 2043 cionis
466 2013 687 2043 Presencium
706 2013 869 2044 continue
886 2014 1192 2050 numerandoruni,
1210 2013 1322 2043 eidem
1340 2013 1436 2043 Parti
1454 2012 1648 2052 querelanti
1667 2022 1720 2043 sn-

340 2067 402 2096 per
424 2057 602 2096 premissis
625 2057 765 2088 faciatis
789 2057 945 2088 debitum
970 2057 1108 2098 justicie
1133 2057 1438 2096 complementum.
1485 2057 1658 2096 Alioquin,
1676 2056 1720 2087 ci-

339 2101 431 2138 tetis,
449 2108 524 2139 etc„
538 2101 693 2140 prefatos
709 2102 905 2132 Johannem
924 2102 1091 2139 Linedun,
1108 2102 1304 2132 Johannem
1320 2101 1462 2134 Millere,
1475 2106 1508 2131 ct
1524 2101 1719 2132 Galfridum

340 2144 498 2185 Gryffivn,
516 2145 607 2184 quod
624 2148 848 2185 compareant
864 2156 977 2176 coram
998 2146 1106 2183 nobis,
1121 2151 1179 2176 aut
1194 2145 1261 2176 alio
1279 2145 1370 2176 dicte
1389 2145 1492 2176 Curio
1507 2145 1720 2179 Presidente.

340 2189 373 2218 in
400 2189 554 2220 Ecclesia
579 2190 685 2220 Beate
712 2190 819 2220 Marie
845 2190 885 2220 de
911 2190 1070 2220 Arcubus
1095 2190 1363 2227 Londoniarum,
1388 2189 1552 2220 vicesimo
1570 2189 1624 2220 die
1642 2196 1718 2229 post

339 2233 473 2272 lapsum
505 2233 677 2264 dictorum
710 2234 906 2274 quindecim
940 2234 1084 2271 dierum,
1118 2235 1146 2264 si
1177 2234 1354 2264 Juridicus
1386 2234 1492 2264 fuerit
1511 2248 1517 2270 ;
1557 2233 1719 2273 alioquin.

340 2278 495 2316 proximo
521 2277 575 2308 die
601 2278 756 2309 Juridico
781 2281 865 2309 tunc
894 2278 1061 2318 sequenti,
1087 2279 1123 2308 in
1149 2278 1240 2309 dicte
1270 2278 1415 2316 Quercle
1442 2278 1595 2317 negocio,
1621 2278 1719 2318 juxta

340 2321 447 2361 ipsius
475 2322 679 2361 qualitatem
708 2328 741 2353 et
768 2329 942 2360 naturam,
970 2323 1174 2362 processuri,
1204 2322 1342 2359 facturi,
1369 2329 1401 2352 et
1432 2322 1605 2361 recepturi
1630 2321 1719 2361 quod

339 2366 479 2404 justicia
506 2366 674 2397 suadebit.
732 2368 781 2397 De
811 2367 942 2403 diebus,
976 2377 1067 2404 vero,
1099 2367 1311 2406 recept-ionis
1345 2366 1576 2398 l'resencium,
1610 2371 1719 2396 εἵς-,ψ

341 2410 452 2440 Dated
470 2410 623 2448 Loudon,
643 2411 682 2441 19
702 2411 830 2449 March,
860 2411 1108 2441 1:385-6.<-]‘h0
1134 2411 1262 2450 Bishop
1286 2410 1515 2441 commanded
1539 2411 1598 2440 the
1625 2411 1718 2440 Dean

339 2453 376 2483 of
393 2454 451 2484 the
469 2454 544 2484 said
562 2455 720 2485 Peculiar
735 2455 961 2485 Jnrisdiction
980 2462 1016 2485 to
1041 2455 1108 2485 cite
1126 2455 1185 2485 the
1203 2455 1376 2485 offenders
1393 2458 1428 2484 to
1446 2465 1583 2494 appear.
1602 2453 1719 2484 before

340 2497 482 2528 himself
507 2508 545 2527 or
571 2498 624 2529 liis
642 2499 784 2533 official,
811 2509 849 2529 or
876 2499 976 2529 other
1001 2499 1181 2529 l‘resident
1200 2499 1236 2529 of
1252 2499 1310 2528 the
1330 2499 1531 2537 Consistory
1551 2499 1666 2533 Court,
1686 2498 1719 2528 in

341 2541 400 2572 the
426 2542 612 2572 Cathedral
639 2542 786 2581 Church,
812 2553 855 2573 011
880 2543 938 2573 the
964 2544 1101 2573 twelt'th
1126 2543 1293 2573 Juridical
1311 2543 1377 2581 day
1396 2542 1488 2572 after
1505 2543 1563 2572 the
1581 2542 1722 2581 scrving

341 2585 378 2615 of
401 2586 460 2616 the
479 2585 827 2626 Citation,—prefato
846 2587 1014 2625 Magistro
1031 2587 1160 2617 'I'homc
1187 2588 1287 2625 Cary,
1307 2587 1401 2616 Parti
1427 2586 1620 2625 querelanti
1646 2596 1719 2625 pre-

343 2629 444 2667 dicte,
463 2639 566 2669 super
581 2631 758 2669 premissis
783 2631 825 2661 de
849 2631 989 2671 justicia
1018 2631 1226 2669 responsuri,
1244 2630 1438 2670 factm-ique
1457 2631 1602 2660 ulterius
1619 2637 1653 2660 et
1672 2640 1720 2660 re-

342 2673 474 2713 cepturi
500 2674 590 2713 quod
616 2674 650 2703 in
676 2675 740 2704 hac
764 2681 863 2713 parte
884 2675 1068 2704 dictaverit
1093 2675 1176 2704 ordo
1193 2674 1451 2713 jui·is.‘*1]atcd
1468 2682 1503 2704 at
1524 2674 1719 2713 Faringdon

189 2792 197 2811 ¹
226 2797 260 2827 It
278 2797 346 2827 will
363 2798 405 2828 be
431 2808 510 2828 seen
535 2798 613 2828 that
637 2799 696 2829 the
723 2799 840 2829 Scribe
859 2799 920 2829 has
1034 2798 1132 2828 three
1164 2798 1355 2830 offenders:
1398 2798 1520 2836 which,
1554 2799 1722 2829 however.

233 2842 419 2882 carelessly
467 2842 614 2873 omitted
658 2853 763 2883 many
809 2843 921 2873 words
1034 2843 1103 2872 will
1120 2842 1162 2873 be
1179 2842 1286 2872 found
1306 2843 1424 2872 below.

233 2885 323 2924 here,

356 2886 535 2926 including
564 2887 622 2917 the
651 2897 771 2918 names
798 2887 834 2917 of
863 2887 921 2917 the
