1907 3212
175 299 268 342 666

175 409 247 435 AD.

174 443 246 467 1388.

173 476 232 501 vol,
249 475 273 503 1.

175 543 259 568 Nota.

174 983 261 1009 Nota.

171 2223 218 2250 fol.
236 2225 293 2252 189.

175 2400 261 2426 Nota.

178 2797 265 2823 Nota.

379 311 477 342 THE
519 311 758 344 REGISTER
794 311 853 343 OF
889 310 1065 344 BISHOP
1105 311 1507 346 BRANTYNGHAM.

327 422 404 441 cum
422 423 462 442 ex
476 413 674 450 insolenciis
688 417 721 443 et
731 413 903 443 indevotis
920 413 1056 443 actibus
1071 413 1294 453 Clericormn,
1307 418 1341 445 et
1358 415 1542 454 presertim
1556 415 1710 445 virorum

329 456 661 495 Ecclesiasticorum,
680 457 784 487 decus
802 458 954 487 Ecclesie
973 457 1204 497 honestasque
1230 458 1320 489 Cleri
1338 459 1580 489 diminuantur
1596 459 1712 498 sepius

326 506 359 529 ct
378 501 592 538 decrescant,
605 512 643 531 ac
657 502 773 541 populi
792 502 933 531 devocio
947 502 1185 540 subn-abatur,
1197 505 1231 532 et
1245 503 1368 533 exinde
1385 513 1490 542 grave
1508 503 1709 533 scandalum

326 545 468 581 oriatur,
500 546 712 584 precipimus
739 549 773 575 et
806 546 1014 576 mandamus
1043 547 1134 585 quod
1162 547 1278 577 nullus
1306 548 1510 586 Canonicus,
1539 547 1709 584 vicarius,

326 589 584 627 Anuuellarius‚
610 596 670 619 aut
696 590 930 620 Secundarius
954 590 1089 629 prefate
1115 590 1268 621 Ecclesie
1292 594 1409 621 nostre
1433 594 1532 622 extra
1557 591 1708 621 Chorum

327 633 483 672 ejusdem
503 634 666 671 Ecclesie,
684 635 719 663 in
736 634 871 664 ambitu
896 635 1005 674 ipsius
1023 635 1126 664 Chori
1145 645 1205 665 seu
1222 635 1257 664 in
1283 635 1437 666 Ecclesia
1453 636 1538 675 ipsa,
1556 636 1639 665 dum
1653 635 1709 665 Di-

327 678 408 706 vina
432 678 551 707 Officia
570 679 605 707 111
630 678 743 708 Choro
767 679 842 718 ipso
867 687 1092 718 peraguntur,
1108 679 1143 708 111
1170 679 1291 709 habitu
1309 690 1380 717 suo,
1398 680 1451 709 vel
1477 680 1560 718 sine,
1578 682 1617 709 ut
1636 680 1710 709 fieri

328 721 471 759 solebat,
489 722 662 752 discurrat
679 723 878 762 aliqualiter
894 733 953 752 seu
973 728 1128 761 vagetur,
1145 726 1205 753 aut
1222 723 1257 753 in
1284 723 1405 753 habitu
1423 723 1527 754 Chori
1543 734 1604 763 per
1622 723 1710 753 Civi-

328 769 437 795 tatem
456 766 649 796 discurrere
668 770 856 806 presumat,
871 768 934 797 sub
951 777 1038 806 pena
1055 767 1238 802 Canonica,
1256 778 1318 807 pro
1336 768 1436 798 modo
1447 768 1556 807 culpe,
1569 768 1711 798 cuilibet

327 809 480 848 ipsorum
500 810 728 849 Vir-ariorum,
753 812 1070 849 Annuellariorum,
1089 819 1123 842 et
1148 816 1344 842 ceterorum
1370 812 1610 842 Ministrorum
1636 821 1710 851 pre-

328 854 499 884 dictorum
509 855 566 894 qui
580 855 614 884 in
630 855 694 885 hac
707 861 806 894 parte
818 856 1001 895 culpabilis
1012 856 1130 893 fuerit,
1142 866 1204 895 per
1217 857 1395 886 Decanum
1406 856 1460 886 vel
1473 856 1711 886 Presidentem

329 898 492 937 Capituli,
510 909 579 929 uua
597 909 675 928 cum
688 900 860 939 Capitulo,
878 900 1065 939 infligenda
1082 913 1088 930 ε
1113 911 1212 939 pena,
1224 910 1315 939 vers),
1331 900 1583 930 Canonicorum
1602 900 1711 938 nobis,

327 945 362 973 et
375 942 637 973 Successoribus
647 945 787 981 nostris,
799 944 996 983 specialiter
1005 945 1340 982 reservata—ITEM,
1350 945 1559 984 precipimus
1570 948 1605 974 et
1617 954 1712 974 man-

330 987 453 1017 damus
470 988 559 1026 quod
577 988 794 1018 Annuellarii
813 988 969 1029 ejusdem
996 989 1148 1019 Ecclesie
1165 989 1327 1019 intersint
1355 989 1459 1019 Horis
1477 988 1660 1019 Canonicis
1677 991 1711 1018 et

330 1031 444 1061 Missis
461 1032 496 1061 iu
514 1032 588 1071 ipsa
607 1033 761 1062 Ecclesia
779 1033 934 1063 dicendis
954 1036 987 1070 et
1006 1033 1233 1071 celebrandis,
1250 1036 1353 1072 prout
1371 1033 1513 1063 Statuta
1529 1032 1614 1063 dicti
1631 1033 1710 1062 Pre-

328 1076 519 1105 decessoris
536 1077 645 1106 nostri
663 1077 699 1106 111
717 1087 752 1107 30
769 1077 913 1116 exigunt
927 1081 959 1107 et
974 1078 1166 1117 requirunt,
1185 1078 1248 1108 sub
1265 1088 1354 1117 pena
1367 1078 1403 1107 in
1414 1077 1545 1108 eisdem
1561 1077 1711 1107 Statutis

328 1121 464 1159 plenius
480 1121 842 1159 expressataffieITEM,
860 1122 940 1161 quia
957 1122 1005 1151 illi
1025 1128 1105 1151 suut
1123 1122 1165 1151 ad
1184 1122 1303 1152 Officia
1320 1121 1520 1152 assumendi
1537 1122 1594 1161 qui
1611 1121 1655 1151 ad
1671 1131 1712 1151 ea

327 1164 535 1203 peragenda,
552 1176 614 1204 per
627 1165 923 1195 examinat-ionem
938 1166 1103 1204 debitam,
1117 1166 1250 1196 habiles
1265 1170 1343 1196 sunt
1359 1166 1498 1205 reperti,
1513 1166 1711 1203 statuimus,

329 1209 551 1248 precipimus,
569 1212 602 1239 et
620 1210 828 1240 mandamus
842 1210 933 1249 quod
944 1210 1060 1240 nullus
1070 1211 1106 1240 in
1120 1211 1213 1241 dicta
1226 1211 1381 1240 Ecclesia
1397 1214 1517 1240 nostra
1530 1210 1566 1239 in
1581 1209 1710 1240 Vicari-

328 1263 387 1282 um
406 1253 446 1283 de
465 1255 580 1283 cetero
597 1254 816 1292 admittatur,
834 1254 943 1284 donec
960 1265 1022 1294 per
1045 1255 1341 1285 examinacionem
1359 1255 1574 1292 diligentem,
1592 1263 1710 1284 secun-

329 1297 411 1327 dum
431 1297 572 1327 Statuta
589 1308 650 1328 seu
667 1298 946 1329 Consuetudines
962 1299 1070 1338 ipsius
1096 1299 1249 1329 Ecclesie
1266 1299 1476 1338 approbatos
1501 1298 1644 1336 factam,
1668 1298 1712 1327 ad

327 1341 527 1381 hujusmodi
546 1342 705 1373 Officium
720 1343 918 1373 Vicariatus
936 1343 1080 1373 idoneus
1097 1346 1130 1373 et
1148 1343 1273 1373 habilis
1291 1344 1335 1373 sit
1353 1343 1526 1380 inventus,
1544 1342 1607 1372 sub
1624 1352 1713 1381 pena

330 1386 712 1417 Excommunicacionis
734 1387 877 1427 Majoris
902 1388 937 1417 111
954 1387 1257 1417 contravenientes
1274 1397 1336 1426 per
1359 1397 1421 1417 1103
1437 1390 1471 1417 et
1490 1387 1712 1416 Successores

328 1435 465 1460 nostros
473 1440 541 1460 non
553 1431 715 1461 inmerito
723 1431 987 1461 fulminande.u
1002 1432 1340 1471 111ῖΜ,0111111101-1103,
1349 1431 1391 1461 de
1402 1441 1573 1461 consensu
1582 1431 1712 1460 Decani

329 1481 361 1504 et
378 1475 529 1513 Capituli
541 1486 580 1505 ac
592 1475 809 1505 Vicariorum
824 1476 979 1515 ejusdem
997 1476 1148 1506 Ecclesic
1166 1480 1293 1509 nostre,
1306 1477 1349 1505 sit
1364 1476 1500 1505 noviter
1513 1475 1710 1505 'ordinatum

329 1519 419 1558 quod
433 1529 540 1558 panes
559 1519 795 1557 ('a11011icalcs,
813 1520 869 1559 qui
889 1520 1063 1550 dabantur
1080 1521 1184 1550 certis
1202 1520 1350 1550 Yicariis
1368 1520 1538 1549 ordinatis
1562 1519 1605 1548 ad
1632 1519 1710 1548 Mis-

330 1573 385 1593 sas
402 1564 628 1593 celebrandas
645 1574 706 1603 pro
724 1565 908 1594 animabus
925 1568 1099 1594 certarum
1124 1574 1351 1603 personarum
1376 1564 1409 1593 in
1435 1564 1529 1593 dicta
1548 1563 1711 1599 Ecclesia,

329 1608 477 1646 singulis
501 1608 713 1645 ebdomadis
738 1609 773 1638 111
798 1618 898 1638 usum
925 1609 1079 1638 omnium
1098 1609 1317 1638 Yicariorum
1342 1609 1377 1637 in
1404 1608 1568 1647 Hospicio
1592 1617 1710 1637 eorum

329 1662 417 1682 novo
435 1662 497 1691 per
512 1662 575 1682 1103
592 1656 792 1682 constructo
809 1653 1105 1682 commorancium
1130 1656 1164 1682 et
1190 1653 1224 1682 in
1250 1653 1339 1682 Aula
1357 1652 1511 1691 ejusdem
1531 1651 1710 1681 comeden-

329 1696 431 1733 cium,
450 1696 571 1726 cedere
589 1697 736 1726 debeant
755 1697 791 1726 111
809 1697 983 1727 communi
999 1712 1005 1729 :
1031 1697 1250 1734 inteneionis,
1275 1700 1405 1731 tamen,
1430 1700 1546 1726 nostre
1570 1706 1639 1725 nou
1656 1706 1711 1725 ex-

329 1741 460 1779 titerat,
478 1750 542 1770 nec
559 1741 687 1777 existit,
706 1742 796 1780 quod
813 1742 928 1771 anime
946 1741 1146 1781 hujusmodi
1162 1741 1465 1771 Celebracionibus
1478 1740 1643 1779 predictis
1657 1740 1712 1769 de-

330 1785 433 1814 beant
459 1788 643 1824 propterea
668 1795 796 1818 carere,
822 1793 882 1815 aut
907 1786 950 1815 ab
974 1786 1105 1815 eisdem
1132 1786 1246 1815 Missis
1270 1785 1468 1824 aliqualiter
1491 1784 1712 1820 defraudari3

330 1829 527 1867 statuimus,
545 1830 767 1869 precipimus,
785 1832 818 1859 ct
838 1830 1044 1859 mandamus
1061 1830 1225 1869 quatinus
1244 1829 1442 1869 hujusmodi
1462 1829 1565 1859 Misse
1582 1838 1644 1867 per
1655 1828 1712 1858 Vi-

328 1873 439 1903 cai-ios
456 1874 662 1911 antedictos,
681 1874 723 1903 ad
741 1874 984 1904 execucionem
1003 1874 1112 1904 Officii
1130 1874 1165 1903 in
1184 1874 1296 1904 Clioro
1313 1873 1449 1912 prefate
1468 1873 1620 1903 Ecclesie
1638 1872 1711 1902 nul-

328 1918 466 1947 latenus
490 1918 697 1956 intitulatos,
722 1928 785 1957 per
810 1918 1055 1948 Suecentorem
1081 1918 1238 1958 ejusdem
1266 1918 1417 1948 Ecclesie
1442 1918 1581 1947 Decano
1598 1919 1633 1946 et
1651 1916 1712 1946 Ca-

329 1962 449 2001 pitulo,
468 1972 527 1992 seu
547 1962 739 1992 Presidenti
759 1963 911 2001 Capituli
929 1969 962 1992 ct
989 1962 1159 2001 Capitulo,
1178 1962 1322 1999 singulis
1341 1962 1502 1991 Sabbatis
1519 1961 1713 1991 successive

330 2006 569 2043 nominandos,
588 2017 627 2036 ac
645 2017 706 2045 per
729 2007 821 2046 ipsos
840 2008 1017 2036 Dec-‘mum
1043 2010 1077 2036 et
1104 2007 1316 2045 Capitulum,
1335 2016 1394 2035 seu
1412 2006 1651 2035 Presidentem
1677 2011 1711 2034 et

330 2051 541 2089 Capitulum,
559 2051 603 2080 ad
622 2051 684 2080 boc
703 2051 931 2090 deputandos,
950 2051 1094 2089 sing-ulis
1118 2051 1320 2081 ebdomadis
1345 2050 1460 2079 debite
1478 2049 1710 2087 celebrentur,

328 2098 430 2133 prout
447 2097 528 2124 ante
548 2095 813 2125 ordinacionem
832 2098 987 2125 nostram
1005 2096 1196 2134 predictam
1223 2095 1297 2124 fieri
1322 2094 1511 2132 consuevit,
1536 2093 1600 2123 sub
1624 2103 1711 2132 pena

327 2139 524 2168 amissionis
542 2139 743 2179 hujusmodi
760 2150 889 2178 panum
909 2140 1181 2175 Canonicalium,
1200 2139 1234 2168 111
1253 2149 1336 2169 113113
1352 2139 1427 2178 pios
1443 2148 1506 2178 pro
1529 2137 1712 2167 animabus

329 2183 548 2222 supradietis,
565 2183 663 2222 juxta
683 2184 949 2213 Ordinacionem
968 2184 1138 2213 dictorum
1159 2183 1287 2213 Deeani
1313 2186 1348 2213 et
1373 2182 1536 2222 Capituli,
1554 2191 1613 2211 seu
1631 2181 1711 2211 Pre-

329 2227 475 2257 sidentis
492 2230 523 2256 et
545 2228 706 2267 Capituli.
725 2238 786 2267 per
803 2228 955 2267 ipsorum
974 2228 1148 2258 Clericum
1166 2237 1384 2257 communem
1404 2227 1553 2256 fideliter
1569 2235 1711 2264 erogan-

329 2271 462 2309 dorum,
482 2277 518 2301 ut
536 2276 588 2301 est
607 2282 797 2301 consonum
815 2272 1105 2309 racioni.—ITEM,
1123 2272 1202 2311 quia
1220 2267 1420 2301 reverencia
1436 2280 1502 2310 que
1521 2270 1623 2299 Matri
1636 2269 1711 2299 Vir-

330 2315 400 2353 gini
419 2315 587 2350 defertur,
605 2316 670 2353 Illi,
689 2316 809 2351 eciam,
829 2316 893 2354 Qui
911 2326 987 2346 eam
1005 2317 1110 2346 talem
1136 2316 1219 2346 fecit
1239 2318 1275 2346 ut
1292 2316 1396 2354 Virgo
1413 2318 1448 2345 et
1467 2315 1580 2344 Mater
1604 2314 1712 2350 fieret,

328 2360 520 2397 exhibetur,
538 2360 760 2399 precipimus,
780 2360 1054 2399 injungimusaet
1072 2360 1279 2390 mandamus
1290 2360 1465 2399 quatinus,
1482 2359 1525 2388 ob
1543 2358 1708 2388 honorem

335 2403 530 2434 Genetricis
548 2404 621 2441 Dei,
646 2404 754 2434 Marie
770 2404 926 2441 Virginis
952 2404 1117 2442 Gloriose,
1142 2414 1262 2434 omnes
1286 2408 1318 2433 et
1345 2403 1471 2442 singuli
1496 2402 1623 2432 Vicarii
1651 2401 1711 2431 Ec-

329 2448 431 2477 clesie
458 2451 574 2477 nostre
599 2449 775 2478 antedicto
804 2449 984 2478 Matutinis
1005 2449 1046 2478 de
1071 2449 1192 2479 eadem
1212 2448 1319 2478 Beata
1337 2447 1492 2486 Virgine,
1510 2447 1622 2476 Matre
1647 2446 1712 2476 Do-

331 2492 425 2525 mini,
443 2493 606 2531 quociens
631 2503 689 2522 eas
714 2493 748 2522 111
775 2493 889 2523 Clioro
913 2496 992 2531 post
1018 2493 1210 2522 Matutinas
1235 2492 1277 2521 de
1302 2492 1356 2521 die
1374 2491 1441 2521 dici
1459 2490 1656 2529 contigerit,
1674 2492 1711 2519 ut

330 2538 495 2566 tenentur
512 2537 676 2566 studeant
693 2537 862 2566 interesse
877 2551 884 2574 3
909 2547 929 2566 a
947 2537 1060 2566 Choro
1082 2537 1239 2576 predicto
1263 2538 1344 2566 ante
1369 2535 1641 2574 complecionem
1657 2543 1711 2564 ea-

330 2581 487 2609 rumdem
508 2581 760 2611 Matutinarum
779 2581 820 2610 dc
839 2581 946 2610 Beata
966 2580 1108 2618 Virgine
1126 2581 1326 2610 nullatenus
1342 2579 1545 2615 recedendo,
1563 2578 1627 2608 sub
1645 2577 1709 2607 Ex-

329 2625 658 2655 comn1u11ica‹·i‹›nis
676 2625 818 2664 Majoris
835 2635 923 2664 pena
942 2625 977 2654 in
995 2625 1149 2662 singulos
1173 2625 1208 2654 in
1234 2625 1296 2654 hac
1314 2628 1412 2663 parto
1430 2622 1620 2662 culpabiles
1642 2631 1710 2651 non

330 2669 492 2698 inmerito
517 2669 927 2708 prouuilgande.—-ITEM,
952 2669 1163 2708 precipimus
1187 2671 1222 2698 ct
1247 2668 1454 2698 mandamus
1478 2666 1568 2706 quod
1596 2665 1712 2695 nullus

331 2712 490 2742 vicarius
507 2720 567 2742 aut
586 2713 833 2743 Aunucllarius
850 2713 940 2743 dicte
960 2713 1112 2743 Ecclesie
1129 2716 1246 2742 nostre
1265 2713 1299 2741 in
1318 2712 1470 2742 Civitate
1486 2712 1606 2740 nostra
1624 2709 1709 2738 Exo-

331 2757 452 2791 niensi,
471 2760 528 2786 aut
549 2757 641 2789 alibi,
660 2767 746 2787 onus
765 2757 853 2787 Cure
872 2756 992 2787 subeat
1012 2757 1064 2786 vel
1082 2759 1262 2787 excerceat
1279 2756 1400 2792 aliene,
1419 2755 1482 2785 sub
1500 2763 1589 2793 pena
1605 2753 1706 2783 amis-

334 2800 440 2830 sionis
451 2800 562 2830 tocius
573 2801 744 2831 commodi
758 2802 847 2840 quod
862 2804 953 2831 esset
967 2801 1009 2830 de
1022 2801 1175 2831 Ecclesia
1187 2803 1307 2830 nostra
1316 2799 1454 2839 prefata
1465 2797 1708 2838 qualitercum-

330 2854 395 2883 que
412 2848 650 2883 percepturus,
668 2855 730 2884 pro
747 2845 815 2875 illis
839 2844 962 2875 diebus
978 2845 1013 2874 in
1031 2845 1155 2884 quibus
1178 2844 1264 2874 talia
1287 2841 1540 2883 presumpserit
1556 2843 1705 2880 attemp-

330 2888 564 2926 tara—ITEM,
583 2889 781 2925 statuimus,
806 2889 1028 2931 precipimus,
1053 2891 1088 2919 et
1113 2887 1321 2919 mandamus
1344 2886 1435 2929 quod
1451 2894 1572 2917 omnes
1589 2888 1624 2915 et
1641 2885 1708 2916 sin-
