1907 3212
803 348 1067 386 APPENDIX.
1614 344 1707 386 903

175 453 260 484 [A-D-
332 466 438 488 manu
456 457 565 497 Regia
580 457 793 496 detinentur,
809 459 846 488 et
862 457 978 497 sepius
993 455 1113 494 eciam,
1128 466 1190 496 per
1206 456 1401 486 emulorum
1418 456 1572 487 Ecclesie
1588 456 1710 488 incita-

174 489 273 552 ὶξξὲἶ
331 501 475 539 cionem,
494 501 581 532 Sede
604 501 717 541 plena,
734 502 771 532 in
794 512 903 532 manu
925 501 1030 540 Regis
1054 500 1241 540 capiuntur
1264 502 1299 531 et
1323 500 1567 540 multipliciter
1590 501 1710 531 devas-

243 542 248 547 '
331 547 463 584 tantur,
492 545 541 576 sic
565 546 657 586 quod
684 546 877 586 Episcopus
903 545 939 575 in
967 545 1097 576 talibus
1124 545 1262 575 casibus
1288 555 1356 575 non
1384 545 1490 575 habet
1516 545 1575 575 ubi
1607 548 1713 584 caput

332 599 433 620 suum
464 590 620 628 reclinet,
645 590 749 621 unica
779 590 934 621 Ecclesia
965 590 1007 620 de
1038 589 1242 629 Teyngtone
1268 589 1441 629 Episcopi,
1469 599 1534 629 que
1558 589 1711 620 valorem

333 643 489 664 annuum
513 634 659 674 triginta
683 644 881 665 marearum
907 633 1149 664 communibus
1177 633 1278 664 annis
1305 644 1375 663 non
1403 633 1548 671 excedit,
1575 636 1611 664 et
1642 644 1712 664 non

332 678 483 708 multum
510 678 554 709 ab
579 678 740 718 ingressu
765 689 825 709 sue
851 678 1007 709 Diocesis
1038 678 1199 715 situatur,
1228 678 1412 708 dumtaxat
1437 680 1602 718 excepta;
1634 680 1669 708 et
1692 689 1713 708 a

333 722 427 753 dicta
451 722 608 753 Ecclesia
631 723 672 753 de
697 723 900 763 Teyngtone
925 722 1088 763 Episcopi
1110 732 1173 762 per
1197 724 1334 752 centum
1362 722 1513 752 miliaria-
1536 732 1644 762 usque
1669 722 1713 752 ad

334 767 439 797 finem
456 776 517 797 sue
533 767 699 805 Diocesis,
716 767 968 807 temporalibus
990 766 1192 806 hujusmodi
1215 766 1250 795 in
1274 776 1382 796 manu
1406 766 1511 806 Regis
1534 766 1712 797 existenti-

334 811 408 850 bus,
426 811 567 841 domum
584 811 620 841 in
636 821 704 852 qua
725 811 854 851 poterit
877 811 1053 851 quiescere
1077 810 1254 850 propriam
1278 811 1410 840 nullam
1435 810 1583 848 habeat3
1608 820 1714 850 quare

335 855 507 895 supplicat
523 855 635 886 eidem
655 855 844 886 Sanctitati
860 856 952 886 idem
975 857 1093 886 orator
1116 858 1151 886 et
1177 855 1386 894 Capellanus
1409 858 1527 886 vester
1550 855 1714 895 quatinus

334 899 525 930 Ecclesiam
542 899 782 930 Parochialem
800 900 842 930 de
860 900 1085 937 Bridestowe,
1103 909 1168 939 que
1186 900 1227 929 (16
1246 899 1440 929 Collacione
1460 902 1496 930 et
1519 899 1714 929 Patronatu

333 943 491 984 ejusdem
515 946 551 974 et
575 954 635 974 sue
660 944 815 975 Diocesis
839 944 967 982 existit,
985 954 1050 983 que
1066 943 1214 983 triginta
1235 953 1444 982 marcarum,
1461 946 1497 974 et
1522 944 1714 974 Ecclesiam

331 987 568 1018 Parochialem
593 988 635 1019 de
659 989 854 1026 Powetone,
872 989 958 1019 alias
975 988 1105 1018 dictam
1130 988 1301 1026 Nansant,
1319 987 1476 1028 ejusdem
1502 988 1710 1019 Collacionis

335 1034 370 1062 et
395 1032 560 1070 Diocesis,
577 1043 642 1072 que
666 1033 899 1073 quadraginta
922 1042 1119 1063 marcarum
1144 1032 1402 1071 sterlingorum,
1421 1032 1580 1063 deductis
1603 1032 1714 1063 oneri-

336 1076 401 1106 bus
419 1076 674 1116 supportandis,
691 1077 827 1108 valores
843 1087 977 1107 annuos
993 1086 1063 1107 11011
1085 1077 1267 1115 excedunt,
1284 1086 1404 1107 016036
1429 1086 1489 1107 3116
1514 1079 1549 1107 et
1574 1076 1714 1108 Succes-

337 1130 453 1151 sorum
477 1130 628 1159 suorum,
647 1121 688 1152 de
712 1121 931 1161 benignitate
949 1121 1047 1151 Sedis
1063 1121 1273 1160 Apostolice,
1291 1121 1514 1160 appropriare
1539 1121 1714 1161 dignetur.

334 1165 390 1194 Ita
412 1164 513 1204 quod,
530 1165 734 1196 cedentibus
750 1166 805 1196 vel
827 1165 1076 1196 decedentibus
1102 1165 1307 1195 Rectoribus
1324 1165 1525 1196 earumdem
1543 1165 1713 1196 Ecclesia-

335 1219 412 1238 rum
441 1209 499 1248 qui
524 1219 617 1239 nunc
649 1212 741 1248 sunt,
768 1209 874 1240 liceat
901 1209 977 1248 sibi,
1004 1210 1060 1239 vel
1093 1209 1357 1240 Successoribus
1388 1209 1470 1247 suis,
1497 1209 1715 1249 prefatarum

335 1253 568 1284 Ecclesiarum
586 1254 628 1284 (16
645 1254 860 1284 Bridestowe
884 1256 919 1284 et
943 1254 1118 1291 Powtone.
1136 1253 1221 1283 alias
1246 1253 1338 1284 dicte
1362 1254 1534 1292 Nansant,
1550 1254 1715 1293 possessi-

334 1307 437 1328 onem
462 1307 523 1328 seu
546 1298 792 1337 possessiones,
817 1298 1039 1328 Auctoritate
1070 1298 1283 1337 Apostolica,
1315 1298 1588 1338 apprehendere,
1620 1300 1656 1329 et
1680 1299 1716 1329 in

332 1351 416 1372 usus
442 1342 601 1381 proprios
626 1342 788 1381 retinere,
816 1352 856 1372 ac
882 1343 927 1372 ad
952 1352 1107 1372 mensam
1135 1342 1298 1381 Episcopi
1325 1344 1496 1382 perpetuo
1523 1343 1715 1382 deputare3

332 1388 512 1416 reservata
531 1384 610 1426 (sic)
631 1396 693 1425 pro
709 1387 1027 1417 sustentacionibus
1043 1386 1262 1416 Vicariorum
1280 1386 1453 1416 dictarum
1480 1387 1715 1418 Ecclesiarum

334 1429 546 1468 futurorum,
563 1433 599 1460 et
615 1431 779 1461 oneribus
796 1431 1053 1471 supportandis,
1071 1431 1233 1470 congruis
1249 1431 1481 1470 porcionibus,
1498 1441 1715 1471 quacumque

334 1473 596 1505 Constitucione
612 1475 815 1514 Apostolica
838 1475 874 1505 in
898 1475 1112 1505 contrarium
1137 1475 1233 1505 edita
1255 1485 1325 1505 non
1349 1475 1534 1513 obstante3
1559 1486 1638 1506 cum
1663 1486 1714 1506 ce-

331 1518 417 1549 teris
433 1519 615 1558 oportunis
632 1519 797 1550 clausulis
814 1519 1000 1558 consuetis,
1017 1522 1056 1549 ut
1073 1519 1109 1549 in
1125 1519 1249 1549 forma.

287 1604 309 1640 I
338 1614 395 1640 AM
415 1603 608 1641 indebted
627 1607 669 1641 to
693 1603 762 1641 the
791 1603 982 1641 kindness
1011 1603 1052 1640 of
1080 1602 1149 1640 the
1179 1602 1391 1640 Reverend
1412 1603 1587 1639 William
1608 1603 1713 1653 Iago,

340 1657 382 1695 of
406 1657 583 1703 Bodmin‚
605 1658 667 1695 for
695 1671 719 1694 a
742 1671 840 1708 copy
862 1657 903 1694 of
928 1671 952 1694 a
981 1657 1147 1695 Licence
1169 1659 1296 1705 (temp.
1321 1657 1431 1694 Edw.
1455 1657 1561 1707 III),
1584 1657 1714 1694 which

341 1711 468 1749 shows
506 1712 598 1749 that
636 1711 780 1761 Bishop
819 1711 1065 1748 Grandisson
1094 1710 1172 1748 had
1202 1710 1497 1760 contemplated
1527 1710 1596 1748 the
1634 1711 1716 1760 Ap-

340 1766 589 1815 propriation
619 1765 661 1803 of
694 1765 762 1803 the
796 1766 974 1816 Rectory
1007 1765 1048 1802 of
1086 1764 1337 1811 Bridestowe,
1373 1778 1416 1802 as
1448 1765 1535 1802 well
1573 1778 1616 1802 as
1647 1765 1716 1803 the

342 1819 548 1857 Rectories
577 1819 619 1857 of
647 1817 1046 1871 Bratton[—Clovelly]
1076 1818 1156 1855 and
1180 1819 1392 1869 Ilsington,
1415 1823 1456 1856 to
1476 1819 1537 1856 his
1558 1819 1716 1869 College

343 1873 385 1910 of
413 1873 471 1910 St.
494 1873 613 1923 Mary
633 1873 674 1910 of
694 1874 850 1923 Ottery.
909 1873 964 1909 Of
993 1873 1060 1910 the
1090 1873 1201 1910 three
1229 1873 1324 1923 only
1345 1873 1543 1921 Ilsington
1565 1886 1645 1910 was
1674 1886 1716 1910 so

341 1927 622 1976 appropriated
650 1927 730 1977 (see
758 1927 906 1975 Bishop
929 1926 1206 1964 Go-andfisson’s
1225 1927 1411 1976 Reyister,
1435 1927 1533 1964 Part
1554 1927 1587 1972 I,
1614 1928 1687 1964 133
1706 1940 1716 1973 3

343 1980 442 2017 Part
462 1981 544 2026 ΙΙΙ,
571 1981 702 2029 1334).
761 1981 782 2017 I
802 1994 866 2017 am
887 1980 1084 2018 informed
1105 1980 1196 2017 that
1216 1980 1284 2018 the
1314 1981 1537 2018 Document
1569 1981 1715 2031 (which

342 2034 374 2071 is
395 2035 437 2071 in
456 2035 612 2084 private
632 2034 777 2083 hands)
798 2035 831 2071 is
851 2034 1093 2084 beautifully
1120 2035 1281 2072 written
1308 2035 1388 2071 and
1409 2035 1480 2072 has
1500 2034 1599 2072 been
1627 2035 1715 2073 well

342 2088 562 2137 preserved.
620 2088 702 2126 The
719 2088 843 2126 Great
863 2089 952 2126 Seal
973 2088 1015 2125 of
1034 2088 1103 2126 the
1125 2089 1238 2138 King
1257 2089 1290 2125 is
1311 2089 1395 2125 still
1414 2088 1617 2135 attached,
1635 2089 1716 2126 and

343 2142 385 2178 in
404 2142 556 2191 perfect
571 2142 776 2180 condition
796 2147 938 2191 except
958 2142 1048 2179 that
1069 2142 1137 2180 the
1157 2142 1274 2192 edges
1290 2142 1391 2180 have
1410 2142 1509 2180 been
1532 2142 1692 2181 bruised
1709 2158 1714 2180 :

344 2196 378 2232 it
406 2197 439 2233 is
459 2196 500 2233 of
527 2210 647 2246 green
671 2210 760 2233 wax
788 2196 867 2233 and
898 2202 1122 2245 represents
1153 2196 1220 2234 the
1249 2196 1363 2246 King
1390 2196 1624 2242 enthroned‚
1655 2197 1717 2234 his

345 2249 426 2287 feet
446 2251 597 2300 resting
617 2264 666 2287 on
687 2250 799 2295 lions,
821 2250 901 2287 and
923 2250 991 2288 the
1020 2256 1173 2299 sceptre
1202 2252 1244 2287 in
1265 2250 1325 2287 his
1346 2250 1455 2300 right
1474 2251 1593 2288 hand.
1654 2251 1717 2289 On

344 2303 412 2341 the
441 2317 595 2341 reverse
621 2304 668 2342 he
689 2305 721 2341 is
742 2304 994 2353 represented
1014 2318 1064 2341 on
1086 2304 1312 2342 horseback.

180 2366 267 2397 [Ab.
295 2359 533 2389 Endorsement
546 2359 760 2390 2—Licencia
777 2360 1023 2400 appropriandi
1041 2360 1213 2391 Ecclesias
1230 2361 1272 2391 (16
1286 2360 1522 2401 Brydestowe,
1538 2361 1716 2400 Brattonc,

182 2401 297 2431 1337·8·]
339 2406 374 2434 et
391 2404 630 2443 Ilstingstone,
649 2403 774 2435 Sancte
793 2404 901 2434 Marie
918 2404 960 2434 de
978 2405 1095 2443 Otery.

295 2448 505 2486 EDWARDUS,
523 2448 586 2478 Dei
603 2448 720 2488 gracia
737 2448 809 2478 Rex
825 2448 961 2487 Anglie‚
979 2449 1149 2479 Dominus
1168 2448 1346 2486 Hibernie,
1364 2452 1399 2479 et
1424 2450 1501 2479 Dux
1519 2449 1717 2489 Aquitanie‚

338 2492 499 2523 omnibus
515 2493 559 2522 ad
575 2502 660 2531 quos
675 2495 856 2532 presentes
873 2493 1004 2523 Littere
1021 2493 1243 2532 pervenerint
1269 2493 1603 2525 salutem.——Sciatis
1627 2494 1718 2534 quod

339 2537 380 2566 (16
398 2536 515 2574 gracia
532 2539 652 2567 nostra
669 2536 809 2575 speciali
827 2537 1060 2567 concessimus
1085 2540 1119 2567 et
1138 2537 1335 2567 Licenciam
1353 2537 1522 2576 dedimus,
1539 2548 1601 2578 pro
1618 2538 1718 2569 nobis

339 2584 375 2611 et
398 2580 584 2610 heredibus
608 2580 746 2618 nostris,
764 2583 933 2620 quantum
957 2581 992 2611 111
1017 2581 1117 2611 nobis
1140 2583 1203 2618 est,
1222 2581 1419 2611 Venerabili
1443 2582 1548 2619 Patri,
1566 2582 1717 2612 <Iohanni

340 2625 382 2655 de
400 2624 645 2662 Grandissono,
664 2625 834 2664 Episcopo
851 2625 993 2662 Exonie,
1010 2625 1101 2664 quod
1117 2625 1190 2664 ipse
1206 2625 1466 2656 Advocaciones
1484 2626 1718 2657 Ecclesiarum

340 2669 381 2699 de
406 2668 631 2707 Bridestowe‚
657 2669 837 2706 Brattonc,
863 2672 899 2699 ct
930 2669 1162 2708 Ilstyngtonc,
1186 2669 1221 2698 in
1247 2669 1425 2699 comitatu
1452 2670 1615 2708 Devonie,
1640 2680 1717 2701 cum

339 2712 575 2752 pertinenciis,
587 2713 669 2742 darc
685 2713 795 2752 possit
811 2716 846 2743 et
862 2712 1039 2751 assignare
1057 2713 1193 2743 dilectis
1210 2713 1308 2743 nobis
1327 2713 1470 2743 Custodi
1488 2717 1521 2743 et
1537 2713 1719 2744 Canonicis

341 2757 560 2788 Secularibus
585 2756 729 2795 Collegii
754 2756 795 2787 (10
821 2756 927 2796 Otery
945 2757 1072 2787 Sancte
1090 2757 1209 2793 Mario,
1227 2757 1262 2786 in
1289 2757 1466 2787 Comitatu
1491 2758 1658 2796 predicto,
1676 2758 1718 2788 de

341 2810 429 2831 novo
446 2800 606 2837 fundati;
630 2800 829 2830 habendum
853 2807 887 2830 et
912 2801 1103 2831 tenendum
1127 2801 1191 2830 sibi
1208 2804 1243 2830 ct
1261 2801 1517 2831 successoribus
1535 2802 1616 2839 suis,
1635 2802 1717 2832 Cus-

342 2845 480 2876 todibus
497 2848 531 2874 et
549 2844 733 2875 Canonicis
750 2844 895 2884 Collegii
911 2844 1014 2883 1111113,
1031 2844 1073 2874 de
1091 2844 1308 2884 Capitalibus
1325 2845 1482 2875 Dominis
1498 2845 1591 2876 feodi
1616 2845 1718 2883 illius,

339 2899 401 2930 per
418 2888 563 2920 servicia
579 2889 660 2919 inde
677 2888 794 2919 debita
811 2895 845 2919 et
863 2890 1039 2927 consueta,
1056 2889 1315 2928 imperpetuum
1330 2903 1336 2926 ;
1362 2892 1397 2919 et
1417 2889 1547 2919 eisdem
1573 2889 1718 2921 Custodi

340 2936 376 2964 et
402 2932 587 2964 Canonicis
618 2932 709 2972 quod
739 2932 804 2972 ipsi
836 2932 1094 2963 Advocaciones
1118 2932 1303 2972 predictas,
1328 2943 1406 2963 cum
1435 2933 1671 2972 pertinenciis,
1699 2945 1719 2964 a
