1907 3212
187 318 280 360 624

188 429 218 454 Α.
230 429 260 454 l).

190 464 259 487 1:380.

190 495 246 520 vol
267 495 287 520 1.

190 960 238 985 fol.
256 961 312 987 162.

399 329 497 360 THE
534 327 772 360 REGISTER
809 326 870 359 OF
906 326 1082 359 BISHOP
1117 325 1520 358 BRANTYNGHAM.

344 431 547 461 violenciam
572 430 605 460 in
632 430 752 460 codem
779 429 959 460 Cimiterio
983 439 1046 468 per
1070 429 1290 468 Radulphum
1318 428 1458 469 Symou,
1477 428 1518 459 de
1541 429 1725 458 Barnasta-

344 476 443 513 polin,
462 476 496 504 iu
523 474 708 504 Ricardum
734 474 879 504 Warues
904 474 1137 511 commissam,
1162 483 1273 513 nuper
1297 473 1422 503 fuisset
1447 473 1626 511 sanguinis
1642 472 1725 502 effu-

345 520 439 549 sione
458 519 640 558 pollutum,
660 529 698 548 ac
716 519 926 549 auctoritate
944 520 1064 548 nostra
1077 527 1138 557 per
1154 518 1362 555 Johanncm,
1375 517 1584 557 Episcopum
1603 516 1725 547 Cuma-

342 563 631 601 nagicnseinwice
641 566 676 592 et
685 563 895 593 auctoritate
904 562 1042 599 nostris,
1052 562 1316 592 reconciliatum
1327 577 1333 599 ;
1343 561 1502 601 idemque
1512 561 1726 601 Radulphus‚

342 608 479 637 racione
508 607 816 637 Reconciliacionis
840 606 1041 646 hujusmodi
1066 606 1248 644 Cimiterii,
1274 606 1318 636 ad
1342 606 1451 646 ipsius
1478 605 1651 645 Radulphi
1675 605 1725 634 in-

342 654 495 682 stantem
520 651 740 690 peticionem,
766 654 805 681 ut
836 650 1064 690 premittitur,
1089 651 1256 690 impense,
1283 650 1517 680 Crucit'erario
1541 653 1575 680 et
1601 649 1725 680 ceteris

346 696 513 725 ministris
532 695 671 735 Capelle
688 698 818 733 nostre,
835 705 971 726 necnon
988 695 1194 725 Marescallo
1210 697 1340 732 nostro,
1358 694 1393 724 in
1411 694 1558 733 triginta
1575 694 1726 734 quinque

344 740 462 770 solidis
487 744 520 770 et
546 740 629 779 iiij0r
646 740 798 770 denariis
830 741 969 769 monete
1002 739 1206 778 Anglicane,
1231 749 1293 778 pro
1321 748 1441 769 eorum
1465 738 1578 769 feodis
1601 738 1637 768 in
1662 738 1726 768 hac

342 788 441 824 parte
456 784 582 814 debitis
595 786 630 814 et
648 784 733 814 solvi
751 784 936 821 consuetis,
949 784 1082 813 notorie
1100 786 1263 813 teneatur
1279 785 1314 813 et
1331 782 1518 813 efficaciter
1531 782 1705 821 obligetur
1719 796 1725 818 ;

344 829 452 866 vobis,
478 829 596 867 igitur,
621 832 697 866 etc„
726 828 934 858 mandamus
966 828 1129 867 quatinus
1157 827 1333 867 prefatum
1361 826 1582 866 Radulphum
1609 826 1726 864 semel,

344 873 505 907 secunde,
523 875 599 910 etc„
617 872 790 903 moneatis
814 876 848 902 et
874 872 1060 902 efficaciter
1083 872 1258 902 inducatis
1281 871 1325 902 ad
1349 871 1635 901 satisfaciendum
1652 880 1727 910 pre-

344 917 428 947 fatis
446 917 680 947 Cruciferario
696 919 729 947 et
755 917 881 947 ceteris
904 916 1084 954 ministris,
1103 926 1142 946 ac
1168 915 1383 953 MareseallO,
1403 915 1444 945 de
1462 915 1564 945 (lictis
1581 915 1727 953 triginta

345 1016 407 1045 per
428 1016 662 1045 quascumque
689 1005 861 1036 Censuras
886 1005 1150 1035 Ecclesiasticas
1175 1004 1348 1036 Canonice
1373 1004 1600 1043 compellatis,
1618 1006 1727 1034 etc.—

347 1050 460 1080 Dated
477 1052 512 1080 at
531 1049 690 1089 Bishop’s
708 1050 862 1087 Tawton,
880 1050 923 1079 24
939 1049 1029 1088 Aug.

300 1115 568 1165 Illegitimacy
585 1128 595 1161 3
625 1115 872 1162 Dispensat-io
901 1128 985 1151 cnm
1011 1114 1181 1161 pac-iente
1202 1115 1386 1161 defectum
1405 1114 1610 1158 natalium,
1635 1114 1729 1150 Auc—

355 1170 509 1206 too-itate
528 1169 813 1217 Apostolica‚—

303 1224 344 1254 In
361 1224 486 1255 favour
502 1224 539 1255 of
555 1224 707 1255 William
733 1224 860 1264 Crydy,
878 1223 982 1261 clerk,
1001 1223 1073 1254 “de
1090 1223 1202 1253 soluto
1218 1223 1358 1262 genitus
1382 1225 1417 1253 et
1434 1223 1548 1253 soluta
1560 1221 1578 1234 ”
1600 1220 1653 1261 (gn
1677 1221 1731 1251 the

346 1279 491 1299 common
521 1266 760 1308 form).—The
787 1269 906 1298 Letter
931 1267 968 1298 of
991 1266 1093 1305 John,
1112 1267 1399 1306 Cardinal-priest
1416 1266 1453 1297 of
1477 1266 1526 1297 St.
1545 1266 1683 1303 Sabina,
1702 1266 1730 1296 is

347 1314 451 1344 dated
475 1315 511 1343 at
537 1313 654 1350 Rome,
681 1312 806 1352 “apud
831 1313 995 1343 Sancta-m
1022 1312 1169 1342 Mariam
1193 1312 1229 1342 in
1253 1311 1503 1348 transtiberim,
1530 1311 1593 1341 sub
1617 1311 1730 1350 sigillo

347 1369 413 1398 qno
431 1358 562 1387 dudum
580 1360 619 1387 ut
636 1357 927 1396 Archiepiscopus
945 1356 1131 1387 Corfiensis
1149 1356 1345 1394 utebamur,
1364 1366 1408 1386 xv
1433 1355 1610 1386 Kalendas
1628 1354 1727 1385 Octo-

347 1403 428 1439 bris,
458 1402 687 1432 Pontificatus
722 1401 861 1431 Domini
894 1401 1029 1431 Urbani
1061 1401 1153 1439 Pape
1185 1400 1235 1430 VI
1264 1400 1366 1430 Anno
1393 1400 1506 1439 primo
1537 1398 1594 1439 (17
1625 1399 1728 1438 Sept..

352 1444 568 1485 1378).—He
579 1446 764 1478 mentions.
779 1445 1018 1484 incidenta11y‚
1033 1445 1111 1475 that
1125 1445 1167 1475 he
1179 1454 1250 1475 was
1263 1445 1323 1474 the
1338 1444 1459 1483 Pope's
1477 1443 1728 1483 Peniteutiary,

348 1492 415 1521 and
445 1491 523 1521 that
551 1491 594 1520 he
621 1490 770 1529 granted
798 1490 858 1520 the
885 1488 1253 1529 Dispensation-“de
1281 1489 1357 1528 ejus
1386 1488 1527 1528 speciali
1552 1487 1728 1521 Mandaio.

351 1545 454 1574 super
471 1535 535 1565 hoc
552 1535 653 1565 nobis
669 1534 764 1564 facto
781 1534 919 1564 oraculo
936 1534 1013 1563 vive
1031 1533 1318 1564 vocis.''—Dated
1335 1535 1371 1562 at
1390 1532 1565 1565 Cresliton,
1583 1533 1625 1561 28
1644 1532 1730 1571 Arug.

194 1606 241 1631 Μ·
312 1608 342 1642 Α
367 1618 454 1643 case
474 1604 515 1642 of
535 1604 781 1642 defamation
796 1617 806 1650 3
828 1604 987 1650 Querela
1010 1611 1141 1641 contra
1160 1603 1490 1652 dvffamalores‚——

194 1639 268 1679 1521).

192 1675 272 1702 [δεμ.
308 1662 470 1699 Thomas,
489 1664 564 1697 otc„
581 1660 785 1690 subdecano
804 1659 956 1690 Ecclesie
974 1660 1091 1689 nostre.
1117 1658 1338 1689 Catliedralis
1356 1658 1497 1695 Exonie,
1515 1657 1731 1697 Decanisque,

194 1714 270 1731 TEM—

195 1742 273 1770 aaa]

348 1705 626 1735 Christianitatis
643 1708 760 1734 nostre
779 1704 941 1735 Civitatis
959 1703 1088 1734 Exonie
1107 1713 1146 1733 ac
1164 1703 1205 1732 (le
1231 1703 1454 1740 Aillesbeare,
1480 1702 1671 1741 Plymptre,
1696 1705 1731 1731 et

347 1750 389 1780 de
408 1750 617 1789 Honytone,
646 1759 792 1786 necnon,
819 1748 965 1786 siugulis
991 1747 1130 1778 Curatis
1154 1747 1355 1777 eorumdem
1373 1747 1625 1784 Decanatuum,
1643 1745 1730 1775 salu-

350 1802 432 1829 tem,
451 1793 750 1831 ete—Querelam
770 1792 908 1823 Ricardi
935 1792 1091 1822 Kendale
1109 1802 1251 1830 gravem
1269 1791 1473 1830 recepimus,
1492 1791 1730 1821 continentem

350 1839 451 1878 quod,
470 1839 551 1868 licet
570 1848 690 1868 omnes
707 1839 742 1867 et
757 1836 883 1876 singuli
902 1836 1167 1866 Cantuariensis
1185 1836 1366 1865 Provincic
1385 1835 1525 1872 subditi,
1539 1835 1597 1874 qui
1615 1834 1731 1874 gracia

348 1883 445 1921 lueri,
474 1883 554 1919 odii,
582 1882 635 1912 vel
662 1881 803 1919 favoris,
833 1891 893 1911 seu
919 1881 988 1911 alia
1013 1890 1230 1920 quacumque
1259 1880 1300 1910 (le
1329 1889 1443 1917 eausa,
1471 1879 1603 1909 crimen
1629 1879 1732 1909 alicui

351 1927 525 1957 maliciose
554 1927 749 1965 imponunt,
779 1935 856 1955 cum
884 1925 976 1964 apud
1002 1925 1110 1955 bonos
1134 1927 1169 1954 et
1186 1934 1311 1964 graves
1327 1924 1424 1964 prius
1448 1923 1640 1953 infamatus
1662 1933 1731 1953 non

349 1972 404 2009 sit,
422 1974 461 2001 ut
479 1971 527 2001 sie
546 1971 670 2001 saltem
688 1970 801 2000 eidem
818 1969 990 2007 Purgacio
1003 1969 1188 2005 indicatur,
1206 1968 1260 1998 vel
1277 1968 1344 1998 alio
1360 1968 1462 1998 modo
1475 1970 1651 2007 gravetur,
1664 1967 1732 1997 sint

351 2016 537 2046 sentencia
564 2014 948 2045 Excommunicaciouis
977 2013 1131 2053 Maioris,
1155 2023 1217 2052 per
1242 2013 1330 2043 bone
1356 2012 1522 2042 memorie
1545 2011 1731 2042 Dominum

351 2060 567 2099 Stephanum
597 2058 657 2099 [de
688 2055 921 2097 Langetone]
950 2058 1081 2087 (ludum
1107 2057 1394 2087 Cantuariensem
1412 2056 1732 2095 Archiepiscopum,

349 2105 384 2134 in
403 2104 556 2134 Concilio
574 2114 634 2133 suo
652 2103 861 2133 Provinciali
878 2103 945 2132 rite
962 2105 997 2132 et«
1010 2101 1165 2141 legitime
1190 2101 1375 2137 celebrato,
1401 2101 1491 2140 quod
1508 2100 1631 2139 incipit
1647 2099 1733 2129 Auc-

353 2149 486 2178 toritatc
503 2148 564 2177 Dcz'
582 2148 704 2185 Patris,
722 2147 864 2186 provide
880 2147 961 2184 late,
976 2145 1424 2186 dampnabiliterinvoluti3
1442 2145 1732 2184 quicla1n,ta1nen,

351 2193 546 2232 iniquitatis
563 2192 623 2221 filii
642 2194 675 2222 et
694 2191 904 2231 perdiciouis
921 2191 1086 2229 alumpni,
1104 2192 1180 2228 ete,
1206 2200 1352 2229 quorum
1369 2189 1511 2219 nomina
1528 2189 1734 2227 ignorantur

350 2237 482 2276 pariter
498 2239 534 2266 et
550 2246 706 2275 persone,
736 2246 795 2265 suc
823 2235 945 2265 salutis
969 2229 1192 2265 immemores
1216 2236 1252 2264 et
1278 2234 1404 2273 spiritu
1422 2233 1609 2272 nephando
1627 2233 1732 2268 (luc-ti,

352 2284 533 2320 postquam
554 2280 695 2310 Statuta
712 2280 795 2309 dicti
815 2279 959 2309 Concilii
977 2282 1093 2309 artare
1111 2278 1267 2318 ceperint
1285 2278 1536 2317 delinquentes,
1549 2277 1583 2307 in
1598 2277 1732 2307 Diocesi

354 2324 551 2362 Exoniensi,
578 2324 671 2354 infra
699 2324 844 2354 candem
874 2323 1104 2360 Provinciam,
1133 2322 1270 2362 prefato
1297 2322 1455 2360 Ricardo,
1481 2322 1517 2351 in
1545 2321 1609 2351 hac
1634 2324 1732 2360 parte

352 2370 448 2409 prius
464 2369 608 2399 minime
621 2368 803 2405 infamato,
815 2368 947 2398 crimen
961 2367 1226 2407 infrascriptum
1240 2366 1416 2396 maliciose
1427 2369 1462 2395 et
1475 2376 1516 2395 ex
1528 2365 1596 2395 odii
1610 2364 1732 2395 fomite

352 2415 597 2453 imposuerunt
623 2422 805 2451 perperam
838 2414 872 2442 et
904 2412 1032 2451 inique,
1065 2414 1261 2441 asserentes
1288 2414 1323 2440 et
1351 2410 1486 2449 publice
1513 2409 1733 2449 predicantes

352 2458 443 2497 quod
466 2457 558 2487 idem
585 2457 754 2487 Ricardus
778 2456 985 2495 quibusdam
1004 2456 1152 2486 Domino
1171 2455 1318 2485 Ricardo
1343 2455 1513 2492 Carrowe,
1530 2453 1732 2493 presbitero,

352 2506 386 2532 et
407 2502 557 2531 Henrico
576 2500 773 2536 Blakelake,
791 2500 926 2537 9191190,
944 2500 1174 2530 consuluisset
1192 2509 1231 2529 ao
1248 2508 1451 2529 consensum
1476 2497 1669 2537 prebuisset
1694 2502 1733 2526 ut

352 2546 417 2585 ipsi
434 2546 607 2586 quendam
625 2544 821 2575 Johannem
840 2544 982 2574 Elmede
998 2544 1235 2581 verberarent,
1248 2543 1482 2580 vulnerarent,
1500 2544 1535 2572 et
1552 2542 1642 2571 male
1658 2551 1732 2580 per-

354 2592 557 2625 tractarent,
572 2599 611 2619 ae
628 2589 830 2629 hujusmodi
844 2588 1135 2625 verberacionern,
1149 2590 1224 2625 etc.,
1235 2591 1357 2627 postea
1373 2597 1435 2626 per
1450 2587 1543 2625 ipsos
1560 2586 1733 2624 Rogerum

354 2640 389 2665 et
407 2634 609 2671 chricum,
622 2633 663 2663 de
681 2633 824 2663 consilio
841 2643 902 2662 suo
919 2642 959 2662 ac
975 2632 1085 2662 eciam
1102 2631 1242 2662 nomine
1260 2642 1320 2661 suo
1337 2630 1451 2661 factas
1467 2633 1502 2660 et
1520 2629 1732 2663 subsecutas,

356 2682 450 2708 ratas
475 2678 653 2708 habuisset
670 2677 802 2716 pariter
825 2680 860 2707 et
884 2679 1066 2715 acceptas3
1095 2685 1198 2715 super
1214 2675 1339 2715 quibus
1367 2674 1536 2713 Purgacio
1561 2673 1735 2703 Canonica

356 2723 466 2752 eidem
487 2722 634 2752 Ricardo
645 2721 802 2751 extiterit
818 2721 951 2751 indicta
967 2724 1001 2750 et
1019 2720 1173 2759 legitime
1190 2719 1337 2759 prestita
1349 2729 1412 2758 per
1427 2717 1586 2749 eundem.
1633 2716 1735 2747 Unde

358 2766 600 2796 malefactores
616 2765 816 2805 hujusmodi
834 2764 1008 2804 prefatam
1027 2764 1169 2804 Majoris
1187 2762 1567 2794 Exeommunicacionis
1591 2761 1734 2791 Senten-

356 2811 456 2848 ciam,
473 2810 652 2840 occasione
669 2809 929 2849 premissorum,
946 2819 1015 2839 non
1032 2810 1086 2838 est
1102 2808 1245 2838 dubium
1262 2807 1459 2843 incurrisse,
1484 2814 1550 2845 qua
1567 2805 1736 2835 hactenus

357 2857 538 2884 remanent
551 2853 718 2891 innodati,
731 2853 767 2883 in
781 2853 976 2883 animarum
991 2862 1131 2883 suarum
1145 2851 1276 2891 grande
1289 2850 1491 2890 periculum,
1505 2852 1570 2879 ete.
1618 2848 1734 2886 Vobis,

357 2898 472 2937 igitur,
499 2904 575 2935 etc.y
603 2897 810 2927 mandamus
843 2896 1006 2938 quatinus
1031 2895 1276 2926 malefactores
1307 2893 1517 2936 hujusmodi,
1549 2902 1668 2923 omnes
1700 2896 1734 2923 et
