1907 3212
152 433 219 459 A.D

155 468 226 493 1388.

151 500 212 526 Vol.
231 500 252 525 1.

155 875 201 901 sol.
217 875 293 901 194b.

475 334 762 368 REGISTRUM
799 331 1258 368 COMMUNE-ANNo
1290 321 1381 364 19⁰.
1588 315 1682 362 677

308 437 418 477 lisque
447 437 586 468 Curatis
613 438 770 479 ejusdem
797 438 1006 473 Decanatus,
1034 436 1194 473 salutem,
1222 433 1386 465 etc.-—-Ex
1413 434 1512 472 parte
1545 430 1685 462 Domini

309 482 467 513 Nicholai
484 483 661 522 Wyrham,
680 482 837 513 Rectoris
854 481 1006 511 Ecclesie
1024 479 1236 510 Paroehialis
1253 478 1379 508 Sancte
1398 477 1506 507 Mario
1532 475 1685 515 Maioris,

309 526 400 556 dicte
433 526 604 563 Civitatis
633 527 786 564 graviter
817 525 1058 565 conquerendo
1089 523 1189 553 nobis
1221 522 1338 553 extitit
1365 521 1568 551 intimatum
1594 519 1686 560 quod

308 570 448 610 quidam
475 571 670 610 iniquitatis
694 571 765 605 filii,
784 571 895 599 Deum
919 579 980 608 pre
997 568 1105 599 oculis
1129 578 1198 597 non
1222 567 1401 603 habentes,
1419 575 1479 595 sue
1496 564 1619 595 salutis
1636 564 1686 593 in-

307 624 488 651 memores,
506 614 679 654 prefatam
698 614 888 645 Ecclesiam
914 623 1011 643 suam
1030 612 1145 651 sepius
1168 610 1466 650 ingrediebantur,
1483 611 1518 639 et
1535 608 1685 647 ingredi-

307 661 425 696 untur,
443 669 483 689 ao
499 659 611 698 pullos
635 659 884 695 columbarum,
902 666 1025 696 resque
1051 656 1136 686 alias
1153 658 1188 685 et
1212 655 1303 684 bona
1327 654 1494 684 nonnulla
1511 653 1554 683 ad
1571 653 1686 692 ipsum

309 703 496 732 Dominum
522 703 739 739 Nielwlaum,
766 702 959 739 Rectorem,
985 703 1020 730 et
1046 699 1236 730 Ecclesiam
1266 708 1364 728 suam
1393 697 1619 737 pertinencia,
1645 696 1686 726 de

309 747 430 776 eadem
443 747 607 784 Ecclesia,
619 750 736 785 preter
751 749 785 776 et
800 748 920 776 contra
932 745 1147 775 voluntatem
1165 742 1320 783 ejusdem
1337 741 1506 779 Nicholai‚
1519 741 1686 778 Rectoris,

307 790 456 829 auferre,
481 791 662 824 abducere,
688 794 722 820 et
747 792 925 828 asportare
950 792 1081 818 temere
1107 788 1395 827 presumpserunt
1418 786 1530 823 indies
1554 787 1589 815 et
1610 794 1685 824 pre-

309 838 462 871 sumunt,
481 835 515 864 in
532 835 730 864 animarum
748 844 889 863 suarum
913 832 1045 871 grande
1062 832 1266 871 periculum,
1284 830 1460 870 ipsiusque
1478 829 1635 860 Rectoris
1652 831 1687 859 et

311 878 463 909 Ecclesie
481 889 541 909 sue
559 879 735 908 antedicte
759 877 989 917 prejudicium
1016 875 1262 911 manifestum;
1287 884 1391 913 super
1407 873 1531 913 quibus
1547 883 1610 912 per
1626 883 1688 903 nos

310 923 374 953 sibi
392 923 493 962 petiit
510 923 551 953 de
569 926 739 962 oportuno
763 922 916 951 remedio
940 920 1124 960 provideri.
1170 919 1288 956 Vobis,
1313 918 1430 957 igitur,
1456 918 1690 948 communiter

308 970 344 996 et
368 967 516 1004 divisim,
541 969 617 1004 etc.,
643 966 849 996 mandamus
873 965 1039 1005 quatinus
1062 963 1218 1003 prefatos
1241 962 1497 999 malefactores,
1515 971 1635 991 omnes
1652 964 1688 991 et

309 1011 474 1049 singulos,
490 1011 613 1050 primo,
631 1010 792 1047 secundo,
809 1012 844 1039 et
862 1009 980 1046 tercio,
997 1011 1074 1046 etc.,
1091 1007 1247 1046 legitime
1264 1007 1436 1037 moneatis
1452 1008 1491 1035 ut
1509 1005 1552 1036 ab
1569 1006 1688 1046 hujus-

309 1055 402 1085 modi
425 1055 622 1085 temerariis
647 1057 682 1084 et
705 1054 835 1084 illicitis
858 1052 1183 1093 presumpcionibus
1207 1061 1242 1081 se
1266 1050 1467 1081 abstineant
1490 1050 1630 1089 penitus
1654 1052 1690 1080 et

308 1099 489 1137 desistant,
517 1099 697 1138 eidemque
722 1098 872 1128 Domino
904 1097 1081 1133 Nicholao,
1109 1095 1256 1132 Rectori,
1287 1095 1329 1124 de
1353 1098 1389 1124 et
1412 1104 1475 1133 pro
1498 1094 1688 1133 premissis,

308 1142 401 1172 infra
425 1143 622 1182 quindecim
647 1143 782 1172 dierum
807 1137 978 1181 spacium,
999 1151 1018 1170 a
1042 1143 1198 1179 tempore
1224 1139 1460 1169 Monicionum
1488 1138 1689 1178 hujusmodi

308 1187 472 1217 continue
496 1187 802 1224 numerandorum,
829 1185 1059 1221 satisfaciant,
1084 1187 1123 1213 ut
1144 1186 1320 1221 tenentur,
1345 1182 1409 1213 sub
1430 1191 1521 1221 pena
1545 1182 1688 1212 Excom—

308 1231 558 1261 municacionis
576 1231 718 1270 Majoris
734 1230 771 1259 in
787 1230 926 1260 eosdem
952 1228 1178 1267 singulariter
1194 1237 1263 1257 non
1279 1227 1442 1256 inmerito
1458 1226 1689 1257 fulminande.

308 1275 481 1314 Alioquin,
500 1275 527 1305 si
544 1274 745 1315 hujusmodi
763 1273 1017 1304 Monieionibus
1029 1272 1164 1309 vestris,
1176 1271 1270 1301 infra
1281 1271 1471 1301 terminum
1482 1270 1689 1309 predictum,

307 1319 500 1358 parendum
526 1329 595 1349 non
624 1318 788 1349 duxerint
810 1327 888 1347 oum
917 1317 1054 1355 effectu,
1082 1316 1117 1345 in
1143 1316 1245 1355 ipsos,
1271 1325 1391 1345 omnes
1415 1317 1450 1344 et
1472 1315 1636 1353 singulos,
1653 1314 1689 1344 in

308 1363 487 1402 premissis
514 1363 565 1393 vel
590 1373 710 1393 eorum
735 1362 850 1401 aliquo
878 1361 1129 1400 delinquentes,
1156 1360 1377 1389 Sentenciam
1404 1359 1689 1389 Excommunica-

308 1407 415 1437 cionis
434 1407 587 1447 Majoris,
605 1407 699 1437 dicta
717 1406 892 1436 Canonica
910 1405 1105 1435 Monicione
1124 1403 1304 1443 premissa,
1322 1403 1492 1433 studeatis
1509 1403 1544 1433 in
1561 1413 1689 1442 genere

307 1451 461 1490 legitime
478 1451 711 1490 promulgare.
757 1450 813 1480 Ad
829 1460 894 1489 que
911 1449 1082 1489 premissa
1104 1447 1265 1478 facienda
1282 1448 1389 1485 vobis,
1407 1447 1639 1477 communiter
1655 1450 1690 1477 et

308 1495 457 1533 divisim,
481 1498 602 1526 tenore
626 1494 849 1525 Presencium
867 1493 1120 1524 committimus
1136 1492 1230 1522 vices
1246 1494 1394 1530 nostras,
1412 1491 1636 1522 ete.—Dated
1653 1494 1689 1522 at

307 1538 415 1579 Clyst,
433 1541 452 1570 5
469 1540 556 1570 Nov.

261 1603 410 1642 Exeter
430 1603 644 1642 Cathedral
661 1616 671 1650 3
700 1603 877 1640 Prot-isio
887 1603 1002 1650 facta
1023 1603 1067 1639 de
1105 1601 1259 1639 Vicario
1279 1600 1322 1637 in
1352 1600 1518 1637 Ecclesia
1548 1601 1690 1637 Exani—

315 1661 403 1704 en-er',
417 1661 509 1707 jure
535 1659 717 1706 Episcopo
737 1657 977 1703 devoluto,—

264 1712 425 1751 Thomas,
442 1716 518 1750 ete,
536 1714 676 1744 Decano
692 1714 728 1743 et
753 1711 913 1751 Capitulo
938 1710 1091 1741 Ecclesie
1116 1711 1233 1740 nostre
1259 1709 1473 1747 Exoniensis,
1499 1711 1543 1747 et,
1561 1708 1596 1738 in
1613 1708 1690 1749 ejus

308 1758 480 1795 absencia,
507 1757 703 1787 Presidenti
730 1756 882 1796 Capituli
908 1757 943 1785 et
969 1754 1130 1794 Capitulo
1157 1754 1315 1794 ejusdem
1341 1753 1504 1790 Ecclesie,
1530 1753 1689 1792 salutem,

308 1802 509 1832 etc—Cum
527 1802 568 1831 de
588 1801 728 1831 Statuto
744 1800 901 1840 ejusdem
918 1799 1072 1829 Ecclesie
1088 1798 1125 1827 in
1142 1797 1208 1828 hac
1223 1799 1323 1837 parte
1340 1797 1406 1827 rite
1423 1797 1517 1827 edito
1541 1800 1577 1827 et
1600 1797 1689 1828 Aue-

308 1846 452 1875 toritate
472 1845 569 1875 Sedis
586 1844 787 1884 Apostolice
805 1844 1019 1880 confirmato,
1037 1852 1080 1872 ne
1104 1841 1242 1872 Vicarie
1259 1841 1368 1880 ipsius
1385 1841 1538 1872 Eeclesie
1556 1841 1691 1872 diucius

310 1892 443 1925 vacent,
462 1889 577 1928 sicque
595 1888 718 1919 Cultus
736 1888 884 1917 Divinus
896 1887 1086 1924 minuatur,
1105 1886 1149 1916 sit
1167 1885 1340 1916 Canonice
1352 1885 1552 1915 ordinatum
1566 1887 1605 1915 ut
1618 1886 1689 1925 qui-

310 1934 394 1964 libet
412 1933 606 1963 Canonicus
623 1933 723 1973 cujus
740 1931 915 1962 Vicariam
938 1941 1061 1961 vacare
1079 1929 1275 1969 contigerit,
1292 1929 1328 1958 in
1346 1929 1465 1969 Regno
1482 1929 1622 1969 degens,
1640 1930 1690 1959 in-

309 1977 364 2008 fra
382 1987 536 2007 mensem
555 1987 574 2007 a
591 1976 774 2007 vacacioue
792 1985 852 2006 sue
868 1975 1005 2005 Viearie
1028 1974 1069 2004 de
1093 1973 1228 2014 ydoneo
1244 1973 1383 2003 Vicario
1407 1974 1587 2012 provideat
1611 1984 1691 2004 cum

310 2022 437 2052 effectu
452 2036 459 2058 ;
484 2021 636 2060 alioquin
654 2021 814 2050 Decanus
830 2019 923 2048 infra
940 2021 1017 2048 octo
1035 2018 1108 2048 dies
1119 2018 1303 2048 continuos
1320 2020 1504 2057 sequentes
1520 2028 1561 2047 ex
1578 2018 1690 2048 officio

310 2065 491 2105 provideat
508 2065 550 2095 de
563 2065 702 2095 Vicario
717 2063 898 2103 prelibato,
916 2065 961 2099 et,
978 2063 1013 2092 in
1031 2062 1184 2102 ipsorum
1201 2061 1388 2099 defectum,
1406 2061 1450 2091 ad
1467 2072 1530 2092 nos
1541 2062 1690 2101 provisio

311 2109 511 2150 hujusmodi
520 2109 563 2139 sit
577 2108 711 2138 notorie
723 2107 901 2144 devoluta3
919 2107 963 2136 ad
975 2114 1202 2145 nostrumque
1214 2106 1350 2135 noviter
1361 2106 1519 2145 pervenit
1531 2106 1690 2136 auditum

311 2154 402 2193 quod
418 2153 557 2183 Vicaria
575 2152 735 2191 Magistri
750 2151 921 2182 Johannis
939 2151 1090 2190 Cheyne,
1109 2149 1275 2180 Canonici
1291 2149 1448 2190 ejusdem
1474 2150 1638 2188 Ecclesie,
1655 2151 1691 2180 in

313 2198 432 2237 Regno
457 2197 625 2236 degentis,
650 2196 687 2226 in
711 2195 788 2236 ejus
812 2197 847 2226 et
872 2195 1002 2225 Decani
1027 2194 1205 2224 defectum
1222 2196 1322 2224 tanto
1342 2196 1498 2233 tempore
1515 2195 1691 2224 vacaverit

311 2242 402 2282 quod
419 2241 527 2280 ipsius
543 2240 694 2280 provisio
717 2240 762 2270 ad
785 2249 858 2277 nos,
881 2239 982 2279 juxta
1008 2238 1188 2269 Statutum
1212 2238 1422 2278 hujusmodi,
1448 2238 1600 2277 pertinet
1624 2239 1691 2268 ista

312 2286 386 2316 vice
401 2299 408 2323 3
432 2285 539 2323 vobis,
557 2285 674 2324 igitur,
691 2286 767 2321 etc„
785 2282 1037 2314 committimus
1054 2285 1089 2313 et
1106 2282 1314 2312 mandamus
1329 2282 1504 2321 quatinus,
1522 2283 1549 2312 si
1567 2285 1620 2313 est
1631 2283 1691 2320 ita,

313 2330 501 2361 Dominum
519 2329 686 2359 Thomam
704 2328 814 2365 Parle‚
831 2327 1074 2366 presbiterum,
1092 2326 1134 2356 de
1151 2336 1228 2366 quo,
1245 2326 1322 2366 jure
1339 2325 1439 2357 nobis
1456 2326 1627 2364 devoluto,
1645 2327 1690 2357 ei-

312 2374 391 2404 dem
408 2373 545 2403 Vicarie
562 2372 793 2412 providemus
811 2371 968 2411 ejusdem
986 2370 1125 2401 Domini
1143 2370 1272 2400 Thome
1297 2370 1568 2408 examinacione,
1591 2370 1693 2410 juxta

312 2428 444 2448 morem
461 2417 552 2447 dicte
571 2416 734 2454 Ecclesie,
751 2415 929 2455 premissa,
947 2415 991 2445 ad
1008 2415 1154 2445 candem
1170 2414 1345 2444 Vicariam
1363 2414 1505 2444 realiter
1529 2415 1691 2445 admitta-

312 2462 368 2500 tis,
386 2461 594 2500 ete-They
617 2470 707 2490 were
732 2467 768 2490 to
793 2459 919 2498 certify
937 2459 995 2489 the
1018 2458 1156 2498 Bishop,
1174 2458 1304 2495 herein,
1322 2458 1441 2488 before
1458 2458 1517 2488 the
1536 2458 1638 2489 Feast
1655 2458 1692 2489 of

311 2506 370 2536 the.
396 2505 609 2545 Conception
622 2504 658 2534 of
673 2504 733 2534 the
748 2503 889 2533 Blessed
906 2502 1199 2541 Virgin.—-Dated
1215 2504 1252 2532 at
1270 2502 1378 2542 Clyst,
1395 2502 1437 2532 25
1454 2502 1690 2541 Nov.—Item,

312 2550 451 2587 ibidem,
468 2549 633 2579 vicesimo
651 2548 799 2587 septimo
816 2547 871 2577 die
888 2547 971 2577 dicti
990 2546 1118 2577 mensis
1143 2546 1361 2583 Novembris,
1379 2546 1557 2576 emanavit
1580 2547 1689 2577 consi-

312 2594 393 2624 mile
412 2593 616 2623 Mandatum
633 2592 736 2622 dictis
752 2592 891 2622 Decano
907 2594 942 2621 et
959 2590 1121 2630 Capitulo
1136 2600 1199 2630 pro
1215 2590 1436 2620 Admissione
1458 2590 1597 2620 Domini
1620 2591 1691 2621 Ma·

317 2638 389 2668 thei
407 2638 485 2668 Isac
501 2637 544 2667 ad
561 2636 736 2666 Vicariam
754 2635 912 2675 Magistri
929 2635 1092 2665 willelmi
1109 2634 1286 2674 Trevellys
1299 2636 1493 2672 vacantem,
1507 2638 1583 2672 etc.,
1601 2637 1638 2664 ut
1656 2635 1691 2665 in

314 2682 431 2713 Litera
447 2681 603 2721 proxima
619 2679 838 2721 precedente.

160 2751 232 2782 [Ds-
267 2750 593 2789 Non-Residence
608 2764 617 2797 ;
637 2750 876 2798 Sequestrum
889 2749 1095 2797 fructuum
1111 2748 1429 2796 Beneficiatorum
1442 2761 1515 2785 von
1530 2748 1691 2785 residen-

160 2792 234 2811 cr-:m-

163 2820 243 2849 usin]

272 2861 298 2891 Τ

303 2806 404 2844 cium
421 2812 576 2854 propter
594 2804 872 2841 contumaciam
891 2802 933 2839 in
952 2815 1028 2839 non
1053 2802 1367 2850 comparendo,—

302 2861 356 2891 his
374 2860 538 2891 Mandate
559 2857 613 2899 (in
630 2858 682 2889 the
699 2868 845 2889 common
857 2854 963 2896 form)
989 2866 1061 2888 was
1084 2856 1240 2888 directed
1255 2859 1292 2887 to
1315 2856 1375 2887 the
1392 2856 1508 2888 Deans
1525 2856 1562 2887 of
1578 2856 1692 2895 Kenn,

317 2904 507 2943 Dunsford,
525 2903 699 2943 Cadbury,
718 2902 893 2939 Tiverton,
911 2901 1121 2941 Plymptree‚
1133 2900 1202 2931 and
1218 2900 1440 2941 Aylesbeare.
1487 2900 1558 2932 The
1572 2910 1692 2931 names
