1907 3212
163 305 258 348 642
378 316 477 348 THE
515 315 755 349 REGISTER
790 315 850 348 or
881 315 1058 349 msnor
1092 314 1497 350 BRANTYNGHAm.

160 414 234 473 *1³33
273 415 489 465 Plymouth
507 428 516 462 3
544 415 705 452 Licence
725 421 761 452 to
779 415 1027 462 celebrate,—

163 481 223 507 Vol.
239 481 260 507 1,
274 470 375 508 Item,
392 469 476 511 ijjjto
493 471 547 500 die
564 471 694 501 mensis
710 471 872 511 Augusti,
883 471 919 501 in
931 471 1093 502 Prioratu
1103 471 1335 512 Plymptonie,
1349 471 1518 503 Dominus
1531 467 1703 501 concessit

163 523 220 548 Au.
318 515 514 545 Licenciam
542 515 654 545 Priori
682 515 862 546 Prioratus
889 515 1122 555 Plymptonie,
1147 516 1192 546 ad
1219 516 1475 554 celebrandum,
1499 515 1555 545 vel
1586 513 1702 543 facere

163 564 232 582 GUS·
317 559 484 589 celebrari
497 568 560 598 per
576 558 836 590 Concanonieos
861 569 951 597 suos,
980 570 1041 590 seu
1067 561 1153 591 alios
1176 561 1388 600 presbiteros
1404 560 1567 600 ydoneos,
1583 557 1620 588 in
1638 556 1701 587 Ca-

165 597 228 616 Tus.
317 603 409 642 pella
437 602 556 633 Sancti
584 603 778 642 Laurencii,
803 603 898 634 infra
926 604 1120 634 Manerium
1145 604 1187 635 de
1210 605 1375 636 Westhoo
1398 605 1538 641 situata,
1555 601 1702 642 singulis

320 646 432 677 Festis
449 647 605 688 ejusdem
624 647 763 686 Sancti3
787 648 831 678 ad
848 648 1106 688 beneplacitum
1123 648 1264 679 Domini
1286 649 1501 679 duraturam.

273 715 407 753 North
430 716 559 753 Huish
575 729 586 763 ;
613 716 775 754 Licence
796 723 831 754 to
851 717 1099 764 celebrate,—

276 771 378 810 Item,
396 771 527 802 eisdem
551 772 607 802 die
631 774 667 802 et
689 772 775 811 loco,
792 773 963 804 Dominus
987 773 1158 804 concessit
1182 773 1379 804 Lieeneiam
1404 772 1565 812 Philippo
1583 771 1702 802 Boter-

319 814 418 845 forde
435 819 470 846 et
487 816 670 847 Thomasie
694 816 770 856 ejus
789 817 898 856 uxori,
922 817 967 847 ad
990 817 1191 848 faciendum
1215 817 1382 848 celebrari
1406 817 1543 854 Divina,
1567 819 1644 853 etc.‚
1668 814 1704 844 in

319 860 500 899 presencia
526 860 681 899 ipsorum
710 871 771 892 seu
797 871 918 891 eorum
945 861 1100 900 alterius,
1128 862 1164 892 iu
1198 861 1339 902 Capella
1369 861 1464 892 infra
1488 859 1705 890 Mansionem

319 904 521 934 eorumdem
533 905 574 935 de
588 904 805 943 Boterforde,
814 905 908 936 infra
920 906 1127 936 Parochiam
1138 907 1180 937 de
1190 906 1376 937 Huwisshe
1389 906 1573 942 situatam
1586 913 1704 944 quam-

320 948 389 987 diu,
407 952 472 979 etc.
487 962 495 987 ς
519 951 555 979 et
572 959 651 980 cum
668 949 1014 981 clausula—Proviso
1030 950 1121 991 quod
1138 950 1269 981 Diebus
1286 949 1488 988 Dominicis,
1505 951 1572 980 etc.

272 1018 456 1056 Calstock
473 1031 484 1065 3
513 1019 674 1056 Licence
697 1025 733 1056 to
757 1019 1006 1066 celebrate,—

275 1073 377 1113 Item,
394 1074 497 1105 dictis
513 1074 569 1105 die
582 1077 617 1105 et
627 1075 712 1113 loco,
727 1075 897 1106 Dominus
909 1076 1080 1107 concessit
1093 1076 1290 1106 Licenciam
1302 1076 1436 1116 Rogero
1450 1073 1705 1112 Beauchampe,

319 1118 361 1148 de
386 1118 561 1156 Boswens,
586 1119 630 1149 ad
653 1119 854 1150 faciendum
878 1120 1046 1150 celebrari
1069 1130 1132 1160 per
1155 1121 1368 1160 presbiteros
1390 1119 1553 1159 ydoneos,
1570 1118 1606 1148 in
1627 1126 1703 1157 pre-

319 1162 435 1193 sencia
452 1172 524 1201 sua,
541 1163 578 1193 in
596 1163 737 1203 Capella
752 1163 847 1194 infra
863 1164 1025 1195 Mansum
1042 1174 1143 1195 suum
1159 1165 1202 1195 de
1220 1164 1372 1202 Calstok,
1389 1163 1483 1194 infra
1500 1161 1706 1193 Parochiam

319 1206 361 1237 de
380 1206 523 1237 Calstok
536 1221 544 1245 ;
576 1217 721 1246 necnon,
744 1207 781 1237 in
798 1207 968 1246 Oratorio¹
982 1210 1043 1239 aut
1059 1209 1127 1239 alio
1144 1209 1218 1239 loco
1235 1218 1388 1248 congruo
1401 1211 1436 1238 et
1452 1208 1599 1238 honesto
1612 1204 1706 1236 infra

319 1251 537 1282 Mansionem
561 1261 661 1282 suam
684 1252 721 1282 in
737 1251 831 1282 Villa
853 1253 895 1283 de
920 1252 1168 1293 Plymmouthe
1191 1253 1381 1290 situatam;
1404 1251 1629 1282 Presentibus
1644 1259 1708 1289 per

318 1305 427 1325 unum
445 1306 576 1326 annum
593 1295 781 1327 duraturis.

273 1360 489 1410 Plymouth
507 1373 517 1407 3
548 1361 820 1399 Denunciacz'o
839 1362 882 1399 in
899 1375 1036 1412 qenere
1064 1368 1201 1399 contra
1229 1361 1435 1399 inicientes
1456 1373 1601 1398 manus
1629 1359 1707 1396 vio-

327 1414 449 1451 lentas
468 1414 515 1451 in
541 1415 806 1461 Cleo-icum,—

275 1469 437 1508 Thomas,
454 1472 530 1508 eto,
548 1470 687 1501 Decano
704 1471 746 1501 de
763 1471 972 1511 Plymptone
989 1473 1024 1502 et
1037 1471 1186 1502 Domino
1201 1471 1222 1502 J
1225 1471 1353 1502 ohanni
1372 1470 1505 1509 Hogge‚
1518 1468 1706 1509 Capellano

321 1514 518 1544 Parochiali
535 1514 577 1544 de
595 1514 753 1553 Suttone,
770 1524 811 1546 ac
827 1515 958 1546 Thome
984 1515 1130 1555 Gregori
1154 1518 1190 1546 et
1214 1515 1366 1545 Roberto
1391 1513 1557 1551 Giffarde,
1574 1512 1705 1553 presbi-

320 1558 424 1595 teris;
449 1568 594 1597 necnon,
613 1558 759 1599 singulis
773 1559 970 1599 Capellanis
986 1559 1023 1590 in
1039 1560 1161 1590 eadem
1187 1559 1342 1590 Ecclesia
1359 1559 1486 1589 Divina
1502 1555 1707 1588 celebranti-

320 1602 395 1641 bus,
413 1603 572 1641 salutem,
589 1602 804 1641 etc—Sane,
822 1603 903 1634 licet
916 1613 1036 1634 omnes
1053 1607 1089 1634 et
1105 1603 1233 1643 singuli
1249 1603 1285 1633 in
1303 1603 1475 1634 Clericum
1488 1612 1547 1632 seu
1560 1600 1708 1641 Religio-

322 1656 399 1676 sum
424 1647 479 1677 vel
506 1646 731 1686 Conversum,
762 1647 798 1677 in
826 1657 909 1678 casu
935 1657 957 1678 a
982 1647 1059 1688 jure
1086 1658 1156 1678 non
1180 1648 1359 1687 permisso,
1383 1656 1508 1676 manus
1524 1645 1708 1676 inicientes

322 1693 454 1721 temere
480 1691 661 1729 violentas,
690 1701 826 1722 necnon
854 1701 974 1722 omnes
1000 1695 1035 1722 et
1061 1692 1189 1731 singuli
1214 1691 1294 1722 laici
1320 1691 1474 1728 clericos,
1498 1691 1609 1720 eciam
1633 1689 1707 1719 sine

323 1734 462 1773 lesione,
480 1735 516 1765 in
533 1735 692 1766 custodia
708 1736 906 1766 detinentes
922 1736 1062 1776 publica
1084 1736 1140 1766 vel
1157 1736 1304 1776 privata,
1321 1735 1376 1766 vel
1393 1735 1504 1766 eciam
1521 1733 1706 1764 detruden-

322 1782 376 1809 tes
388 1779 425 1809 in
437 1779 595 1818 vinculis,
609 1789 671 1810 seu
680 1779 881 1819 hujusmodi
891 1790 1059 1810 manuum
1070 1780 1302 1810 violentarum
1314 1779 1554 1820 injeccionem,
1567 1777 1708 1808 nomine

323 1833 385 1854 suo
401 1823 543 1861 factam,
560 1826 675 1854 ratam
686 1823 866 1862 habentes,
877 1824 948 1854 sint
962 1824 1105 1865 Majoris
1116 1823 1499 1855 Excommunicaciom's
1513 1821 1709 1859 Sentencia,

324 1869 400 1905 eto,
427 1867 597 1905 involuti;
622 1868 773 1907 quidam,
790 1870 920 1906 tamen,
944 1868 1140 1908 iniquitatis
1165 1868 1227 1898 filii
1251 1870 1285 1898 et
1306 1867 1515 1907 perdicionis
1540 1865 1706 1906 alumpni,

324 1911 414 1950 laici,
431 1912 634 1951 parochiani
651 1912 743 1942 dicte
760 1912 914 1943 Ecclesie
931 1912 973 1942 de
991 1912 1148 1951 Suttone,
1173 1922 1319 1952 quorum
1343 1911 1486 1942 nomina
1508 1911 1710 1950 ignoramus

325 1956 458 1995 pariter
473 1958 508 1986 et
524 1965 700 1996 personas,
718 1956 881 1986 Divinam
900 1956 1123 1997 Majestatem
1140 1957 1316 1987 offendere
1332 1966 1402 1986 non
1418 1957 1588 1992 verentes,
1606 1955 1710 1994 prout

326 2010 367 2029 cx
398 2000 664 2040 fidedignorum‚
695 2004 772 2039 etc.,
804 2000 999 2038 didicimus,
1030 2001 1066 2031 in
1097 2001 1270 2041 quendam
1302 2000 1490 2031 Dominum
1518 1999 1709 2029 Robertum

327 2044 530 2082 Medewille,
547 2044 723 2083 clericum,
739 2045 982 2084 presbiterum,
999 2047 1075 2084 ete,
1086 2045 1123 2075 in
1140 2055 1223 2076 casu
1238 2054 1259 2075 a
1273 2044 1351 2085 jure
1368 2054 1437 2074 non
1453 2043 1633 2083 permisso,
1646 2041 1711 2072 hac

327 2088 474 2118 instanti
499 2090 597 2118 sexta
626 2088 716 2119 feria
739 2089 897 2128 proximo
919 2090 1099 2129 preterita,
1123 2099 1249 2119 manus
1272 2089 1470 2129 injecerunt
1492 2090 1624 2118 temere
1640 2085 1711 2116 vio·

328 2132 450 2165 lentas,
474 2132 589 2172 ipsum
613 2133 773 2173 nequiter
796 2133 1021 2171 verberando,
1045 2134 1230 2173 oculosque
1254 2142 1334 2163 suos
1361 2142 1424 2172 per
1453 2141 1573 2162 eorum
1597 2130 1711 2170 pulsa-

330 2176 446 2207 ciones
474 2186 597 2215 graves
623 2177 721 2216 quasi
748 2177 905 2207 totaliter
929 2178 1134 2216 exeecando,
1159 2187 1199 2207 ac
1215 2177 1365 2207 eundem
1380 2175 1620 2206 inhumaniter
1635 2183 1711 2214 per-

333 2221 517 2250 tractando
531 2235 538 2258 3
561 2230 707 2259 necnon,
723 2221 839 2261 ipsum
856 2222 1045 2252 Domin'um
1062 2222 1253 2252 Robertum
1270 2221 1307 2251 in
1316 2220 1465 2251 vinculis
1477 2219 1713 2256 detruserunt,

331 2267 366 2294 et
381 2265 418 2294 in
435 2265 594 2295 custodia
608 2265 749 2304 publica
760 2265 943 2305 postmodo
955 2275 1018 2305 per
1029 2266 1196 2296 nonnulla
1206 2268 1374 2305 tempora,
1387 2266 1510 2295 contra
1525 2261 1714 2303 justiciam,

332 2308 559 2338 detinuerunt
575 2319 758 2349 perperam
775 2311 810 2339 et
826 2309 953 2349 inique,
970 2309 1145 2349 prefatam
1169 2309 1312 2349 Majoris
1332 2305 1714 2339 Excommunicacionis

337 2351 569 2390 sentenciam,
586 2353 661 2393 ipso
678 2353 782 2390 facto,
801 2353 1073 2393 dampnabiliter
1087 2353 1306 2391 incurrendo,
1320 2363 1388 2392 qua
1403 2353 1586 2382 remanent
1598 2350 1714 2380 hacte-

335 2407 400 2426 nus
417 2396 584 2434 innodati,
610 2397 793 2428 ete—The
817 2397 1081 2428 Commissaries
1097 2408 1188 2428 were
1204 2400 1240 2427 to
1256 2396 1397 2437 publish
1412 2396 1472 2426 the
1491 2395 1661 2426 Sentence
1677 2394 1714 2423 in

335 2440 395 2470 the
414 2440 553 2471 Church
578 2440 614 2471 of
640 2440 776 2478 Sutton,
794 2441 863 2471 and
883 2442 950 2472 cite
976 2441 1036 2472 the
1058 2442 1241 2479 offenders,
1265 2441 1294 2471 if
1316 2441 1402 2480 they
1418 2440 1520 2470 could
1535 2439 1577 2469 be
1594 2438 1713 2475 found,

335 2487 371 2513 to
395 2495 526 2524 appear
548 2485 667 2515 before
695 2485 754 2515 the
781 2485 911 2525 Bishop
935 2495 974 2516 or
997 2486 1051 2516 his
1084 2485 1319 2525 Commissary
1347 2485 1383 2515 in
1408 2484 1468 2514 the
1497 2481 1713 2514 Conventual

338 2528 476 2559 Chureh
487 2528 523 2558 of
535 2529 693 2567 Bodmin,
702 2539 746 2559 on
755 2529 814 2559 the
827 2529 955 2569 Friday
963 2532 1046 2560 next
1053 2529 1147 2560 after
1154 2529 1214 2560 the
1223 2529 1327 2560 Feast
1337 2529 1374 2559 of
1387 2528 1437 2559 St.
1447 2526 1714 2558 Bartholomew.

334 2573 493 2603 -Dated
509 2576 545 2603 at
562 2573 750 2613 Plympton
766 2573 899 2614 Priory,
916 2575 938 2603 4
953 2574 1042 2614 Aug.

291 2636 547 2674 Poundstock
565 2651 574 2683 3
609 2637 764 2674 Licence
785 2644 820 2674 to
840 2638 1088 2684 celebrate,—

294 2691 395 2730 Item‚
413 2692 472 2732 viij
498 2693 553 2723 die
577 2693 708 2723 mensis
731 2693 892 2733 August-i,
908 2694 1002 2733 apud
1026 2693 1255 2731 Lawhittone,
1273 2692 1443 2724 Dominus
1466 2689 1637 2721 concessit
1661 2688 1715 2719 Li-

338 2737 492 2766 cenoiam
509 2737 529 2766 J
533 2736 661 2767 ohanni
680 2737 819 2777 Bevyle,
837 2737 1029 2775 domicello,
1045 2738 1090 2768 ad
1106 2737 1305 2768 faciendum
1322 2734 1491 2767 celebrari
1514 2734 1551 2764 in
1575 2732 1716 2772 Capella

340 2779 458 2810 Sancti
484 2780 634 2819 Georgii,
651 2780 745 2811 infra
769 2781 965 2812 Manerium
990 2791 1090 2812 suum
1115 2781 1157 2812 de
1174 2781 1404 2818 Wolvestone,
1420 2780 1458 2809 in
1481 2777 1650 2808 Parochia
1673 2776 1716 2826 de

339 2823 561 2854 Poundestok
578 2825 758 2863 situatum,
775 2834 837 2864 per
852 2825 1064 2864 presbiteros
1079 2826 1243 2866 ydoneos,
1260 2823 1458 2863 sumptibus
1473 2821 1545 2852 suis
1568 2829 1718 2861 proprus

339 2867 423 2897 inibi
442 2867 676 2898 inveniendos.
725 2869 950 2900 Presentibus
966 2870 1010 2900 ad
1026 2869 1282 2909 beneplacitum
1299 2867 1439 2898 Domini
1455 2865 1644 2896 duraturis.

181 2525 218 2551 sol
243 2526 299 2551 175.
