1907 3212
865 348 1102 384 PREFAOE.
1618 334 1755 382 xxvii

215 452 307 491 that
341 454 390 492 he
416 455 575 506 strictly
596 455 782 493 adhered.
842 456 885 493 It
911 457 943 494 is
971 469 995 492 a
1024 455 1252 493 Document
1280 455 1322 493 of
1350 455 1529 505 singular
1558 455 1728 493 interest
1744 469 1755 501 3

214 507 306 554 and,
329 508 503 560 happily,
528 510 576 547 he
596 510 741 548 caused
761 511 795 547 it
815 515 857 548 to
878 510 925 548 be
945 509 1083 559 copied
1105 511 1192 547 into
1212 510 1273 547 his
1295 509 1564 559 Registe1·,¹—-

217 584 514 623 “PROGREssUS
548 587 708 624 Donum
744 586 1113 638 [Ancnmmscom]
1148 598 1191 623 IN
1221 586 1495 624 VISITACIONE
1524 585 1753 624 CORNUBIE.

216 650 234 664 “
248 651 291 681 In
306 652 439 691 primis,
452 653 489 683 in
503 653 666 684 Crastino
683 654 727 683 ad
743 653 894 684 Vincula
908 653 1028 683 Sancti
1045 653 1152 691 Petri,
1165 653 1330 683 videlicet
1347 652 1402 683 die
1420 652 1543 682 Martis
1563 649 1754 693 [Tuesday,

258 696 279 725 2
296 695 466 736 August],
483 697 654 728 Dominus
677 708 740 737 per
762 700 902 728 noctem
926 698 1019 737 apud
1039 698 1155 735 Torre,
1173 707 1252 727 cum
1277 697 1415 727 Abbate
1433 697 1460 726 si
1478 696 1574 734 velit,
1592 697 1646 727 vel
1662 698 1755 737 apud

260 740 408 770 Newton
427 752 531 780 super
548 739 684 781 Egros.²

216 783 233 797 “
247 784 349 823 Item,
374 785 429 816 die
449 787 611 816 Mercurii
629 796 720 817 nunc
745 786 914 826 sequenti,
931 785 1095 815 videlicet
1111 785 1167 825 iij0
1192 785 1246 815 die
1264 785 1425 824 Augusti,
1444 785 1601 815 visitabit
1618 785 1753 816 Priora-

259 831 335 858 tum
354 829 515 860 Tottonie
529 845 536 868 ;
554 833 590 861 et
606 831 654 860 ibi
673 828 747 870 [in]
765 830 912 870 prandio
929 834 964 860 et
981 840 1043 869 per
1058 832 1198 860 noctem
1215 839 1295 859 cum
1313 829 1443 859 Priore.

215 871 233 885 “
247 873 348 910 Item,
368 874 422 904 die
439 875 537 905 Jovis
560 877 645 905 tunc
669 875 839 914 sequenti,
854 874 1015 904 videlicet
1039 876 1163 914 quarto
1187 874 1242 904 die
1260 873 1422 913 Augusti,
1438 873 1475 903 in
1497 873 1645 912 prandio
1661 874 1755 914 apud

259 917 498 958 Uggeburghe
515 929 591 949 cum
612 916 784 957 Rectore‚³
800 922 835 949 et
851 929 914 958 per
929 921 1068 948 noctem
1088 918 1309 958 Plymptonie
1327 927 1405 947 cum
1424 917 1553 948 Priore.

215 960 232 974 ‘⁴
246 961 348 999 Item,
360 963 415 992 die
427 963 573 993 Veneris
589 964 747 1002 proximo
764 966 848 993 tuno
862 963 1020 1002 sequenti
1033 961 1191 1002 [Friday,
1208 963 1228 992 5
1241 960 1400 1002 August]
1414 962 1585 992 Dominus
1597 962 1755 992 visitabit

260 1006 457 1036 Prioratum
478 1007 710 1047 Plymptonie,
728 1010 763 1037 et
780 1008 827 1037 ibi
844 1007 878 1037 in
895 1007 1042 1047 prandio
1067 1009 1102 1037 et
1124 1016 1186 1046 per
1209 1009 1367 1043 noctem;
1386 1009 1422 1036 et
1438 1005 1494 1036 die
1513 1005 1656 1036 Sabbati
1670 1010 1755 1037 tunc

259 1051 418 1089 sequenti
440 1049 646 1091 [Saturday,
665 1052 686 1082 6
709 1049 868 1091 August]
894 1052 930 1081 in
958 1051 1105 1091 prandio
1124 1051 1273 1088 ibidem;
1299 1053 1335 1081 et
1353 1050 1485 1081 ibidem
1506 1051 1702 1090 predicabit
1719 1051 1754 1081 in

259 1094 403 1124 Latinis.

214 1137 231 1150 “
247 1138 349 1176 Item,
361 1139 482 1169 eodem
495 1140 549 1169 die
563 1140 716 1177 Sabbati,
730 1150 792 1179 per
802 1142 940 1170 noctem
954 1150 1031 1169 cum
1046 1139 1183 1169 Abbate
1196 1138 1433 1177 Tavestochie,
1448 1140 1483 1168 et
1497 1138 1560 1169 Die
1572 1139 1756 1170 Dominica

258 1185 342 1212 tuno
356 1184 514 1222 sequenti
534 1182 707 1224 [Sunday,
721 1185 740 1215 7
760 1182 915 1223 August]
930 1183 1089 1213 visitabit
1100 1183 1313 1213 Abbathiam
1325 1183 1563 1221 Tavestochie,
1577 1186 1612 1213 et
1625 1184 1755 1214 ibidem

258 1236 320 1265 per
336 1230 449 1256 totum
467 1228 559 1257 dieni
573 1242 579 1264 ;
597 1230 632 1258 et
648 1228 777 1258 ibidem
796 1228 966 1258 Dominus
983 1228 1177 1267 predicabit
1193 1228 1228 1256 in
1245 1227 1391 1267 vulgari.

214 1270 231 1283 “
246 1271 348 1308 Item,
366 1272 420 1301 die
446 1272 542 1302 Lune
567 1275 652 1301 tuno
676 1272 835 1311 sequenti
854 1270 1036 1312 [Monday,
1055 1273 1074 1302 8
1098 1269 1220 1310 Aug]
1238 1271 1368 1301 ibidem
1392 1272 1429 1301 in
1452 1271 1610 1310 prandio,
1635 1274 1670 1302 et
1693 1281 1757 1311 per

258 1317 397 1345 noctem
415 1316 507 1355 apud
526 1317 724 1346 Prioratum
743 1316 862 1346 Sancti
880 1316 1056 1346 Germani.

216 1359 233 1372 “
247 1359 350 1397 Item,
365 1360 419 1390 die
434 1361 555 1390 Martis
573 1364 657 1390 tunc
674 1360 843 1400 sequenti,
856 1361 1019 1391 videlicet
1036 1361 1072 1390 in
1084 1360 1213 1399 Vigilia
1231 1359 1351 1389 Sancti
1367 1359 1549 1390 Laurencii
1564 1358 1755 1401 [Tuesday,

261 1404 281 1434 9
299 1401 420 1443 Aug.]‚
438 1405 595 1435 visitabit
612 1405 811 1435 Prioratuin
831 1405 950 1436 Sancti
969 1404 1155 1441 Germani3
1173 1407 1208 1434 et
1227 1402 1301 1443 [in]
1320 1404 1467 1443 prandio
1484 1404 1624 1443 ibidem,
1641 1407 1677 1435 et
1693 1415 1757 1444 per

259 1452 398 1478 noctem
416 1449 507 1488 apud
526 1449 715 1489 Lyskerde.

216 1491 234 1504 “
250 1492 353 1530 Item,
371 1493 426 1522 die
444 1493 607 1523 Mercurii
632 1496 717 1523 tunc
736 1493 904 1533 sequenti,
923 1493 1087 1523 videlicet
1107 1492 1144 1522 in
1168 1492 1271 1522 Festo
1297 1492 1415 1522 Sancti
1434 1492 1617 1523 Laurencii
1636 1490 1754 1532 [Wed-

259 1537 402 1576 nesday,
423 1538 463 1566 10
478 1536 600 1577 Aug.]‚
614 1538 772 1568 visitabit
789 1538 989 1568 Prioratum
1007 1538 1049 1567 de
1066 1536 1353 1577 'sywardraythe,
1370 1540 1405 1567 et
1419 1537 1546 1567 ibidem
1561 1537 1596 1566 in
1609 1537 1756 1576 prandio

260 1583 295 1611 et
311 1591 374 1621 per
390 1584 528 1612 noctem
546 1583 673 1612 ibidem
688 1596 694 1619 3
713 1585 748 1612 et
766 1582 819 1612 die
836 1582 933 1612 Jovis
952 1580 1167 1621 ['I¹hursday‚
1186 1582 1224 1611 11
1250 1579 1372 1620 Aug.],
1390 1581 1425 1610 in
1450 1581 1597 1620 prandio
1614 1581 1755 1621 ibidem,

257 1628 293 1654 et
310 1636 372 1664 per
388 1629 527 1656 noctem
544 1627 637 1666 apud
655 1624 930 1665 (ΞτιῊιΠιῖμοιΠιῐ.4

214 1667 232 1682 “
246 1669 347 1707 Item,
363 1671 417 1700 die
432 1670 578 1701 Veneris
593 1669 752 1711 [Friday,
772 1672 811 1700 12
822 1669 943 1710 Aug]
958 1671 993 1699 in
1008 1671 1118 1700 Domo
1134 1670 1295 1700 Fratrum
1311 1669 1576 1699 Predicatorum
1590 1670 1632 1700 de
1643 1670 1756 1700 Truru

258 1714 294 1743 in
311 1715 468 1753 prandio,
486 1718 521 1744 et
538 1725 599 1754 per
616 1722 753 1745 noctem
771 1716 912 1745 ibidem.

215 1756 233 1770 “
246 1757 348 1795 Item,
368 1759 422 1788 die
449 1759 591 1789 Sabbati
616 1757 822 1799 [Saturday‚
853 1760 892 1789 13
919 1756 1039 1798 Aug.],
1068 1758 1232 1788 videlicet
1261 1758 1297 1787 in
1321 1754 1465 1796 Vigilia⁵
1491 1758 1756 1797 Assumpcionis

260 1802 368 1832 Beate
392 1803 510 1841 Marie,
536 1803 693 1833 visitabit
716 1804 886 1833 Dominus
911 1804 1109 1833 Prioratuni
1134 1802 1262 1832 Montis
1286 1802 1405 1831 Sancti
1428 1801 1630 1840 Michaelis;
1656 1802 1703 1832 ibi
1720 1803 1756 1833 in

259 1847 406 1885 prandio
423 1851 458 1877 et
475 1858 537 1887 per
553 1852 691 1878 noctem
707 1863 713 1885 ;
732 1850 767 1877 et
785 1848 847 1877 Die
866 1848 1049 1877 Dominica
1065 1857 1106 1877 ex
1124 1849 1208 1876 tunc
1225 1846 1384 1885 sequenti
1403 1843 1576 1886 [Sunday,
1591 1847 1632 1876 14
1644 1845 1754 1888 Aug]

258 1891 388 1921 ibidem
406 1892 441 1921 in
457 1892 605 1931 prandio
622 1894 657 1922 et
673 1892 709 1921 in
728 1892 901 1931 Vesperis,
919 1895 954 1921 et
971 1892 1006 1921 in
1024 1901 1128 1927 cena;
1145 1901 1208 1930 per
1223 1894 1363 1920 noctem
1382 1890 1474 1929 apud
1492 1890 1642 1930 Penryn.

213 1933 231 1948 ⁴‘
244 1935 346 1973 Item,
372 1936 501 1966 ibidem
528 1937 620 1975 apud
649 1937 798 1975 I'enryn,
826 1946 888 1975 per
913 1939 1026 1965 totum
1054 1936 1145 1964 diem
1171 1934 1438 1973 Assuinpcionis
1465 1934 1573 1965 Beate
1600 1935 1758 1975 Virginis

261 1977 321 2019 [15
352 1978 459 2020 Aug]
474 1995 480 2017 ;
509 1987 544 2010 et
572 1991 634 2020 per
658 1987 795 2010 noctem
827 1986 1041 2019 scquentem,
1065 1982 1099 2008 ct
1127 1979 1219 2008 diem
1248 1978 1370 2008 Martis
1398 1982 1526 2009 extunc
1552 1983 1756 2019 sequentem

261 2021 450 2064 [Tuesday,
472 2026 509 2055 16
524 2023 632 2064 Aug]
650 2039 656 2062 ;
675 2025 844 2055 Dominus
869 2024 1027 2053 visitabit
1052 2023 1244 2062 Collegium
1270 2023 1312 2053 de
1336 2023 1476 2063 Penryn
1503 2021 1703 2064 [Ghzsney]
1721 2026 1756 2055 et

260 2068 307 2097 ibi
325 2069 390 2098 erit
408 2069 442 2099 in
460 2069 618 2108 prandio,
635 2074 670 2099 et
688 2079 749 2108 per
765 2072 902 2098 noctem
921 2068 1013 2106 apud
1031 2068 1152 2097 Truru.

218 2110 235 2124 “
248 2112 351 2150 Item,
369 2113 423 2143 die
442 2114 603 2143 Mercurii
624 2112 874 2152 [chnesdaffi
894 2114 931 2143 17
950 2110 1058 2151 Aug]
1078 2112 1113 2141 in
1131 2111 1278 2151 prandio
1295 2111 1388 2150 apud
1405 2111 1528 2149 Truru,
1546 2114 1581 2142 et
1598 2122 1660 2151 per
1675 2122 1754 2143 noc-

260 2159 331 2186 tem
349 2157 441 2196 apud
460 2157 625 2187 Sanctam
645 2153 877 2187 Columbani.6

216 2199 234 2213 “
247 2200 349 2238 Item,
368 2202 422 2231 die
439 2202 535 2231 Jovis
555 2199 767 2240 ['l'hurs⁴.lny,
788 2201 826 2229 18
845 2198 952 2239 Aug]
972 2200 1007 2229 in
1025 2200 1172 2239 prandio
1192 2199 1284 2239 apud
1307 2199 1475 2229 Sanctum
1492 2199 1756 2239 Augustinnm,7

260 2248 295 2275 et
312 2255 374 2284 per
391 2251 527 2275 noctem
553 2256 630 2275 cum
658 2245 789 2274 Thoma
815 2245 980 2281 I'cverell,
998 2245 1035 2274 et
1056 2244 1187 2274 ibidem
1213 2254 1276 2283 per
1299 2246 1414 2274 totum
1431 2244 1523 2274 diem
1542 2245 1688 2276 Veneris
1706 2256 1755 2276 se-

260 2293 424 2328 quentem
444 2288 602 2328 [Friday⁷
626 2290 664 2319 19
682 2287 802 2328 Aug]

262 2363 269 2381 ¹
297 2365 396 2402 Ibi(l.‚
413 2364 472 2394 fol.
492 2365 565 2394 115.
614 2364 647 2393 It
664 2364 735 2393 will
760 2364 801 2393 be
826 2374 918 2402 seen,
936 2364 1055 2401 above,
1074 2364 1152 2393 that
1176 2364 1236 2393 the
1263 2364 1500 2404 Commissary
1522 2364 1590 2394 had
1613 2365 1700 2394 been
1718 2368 1754 2395 at

215 2409 310 2439 work
328 2410 362 2438 in
382 2409 554 2438 Cornwall
572 2409 725 2447 already.
772 2408 956 2447 Probably,
974 2408 1033 2438 the
1052 2408 1273 2447 Archbishop
1298 2408 1451 2447 thought
1468 2409 1495 2437 it
1514 2418 1700 2448 necessary
1719 2412 1754 2440 to

216 2453 348 2483 bestow
367 2453 494 2492 special
511 2453 579 2482 and
596 2453 756 2491 personal
775 2453 949 2482 attention
967 2463 1011 2482 on
1029 2453 1088 2482 the
1106 2453 1226 2491 pcople
1245 2452 1281 2481 of
1298 2452 1357 2482 the
1376 2458 1508 2482 remote
1527 2452 1662 2492 County
1678 2453 1754 2484 who

220 2496 274 2536 (as
292 2498 351 2527 the
369 2497 509 2527 records
525 2497 562 2527 of
579 2507 642 2526 our
660 2497 807 2535 Bishops
825 2495 965 2536 tostify)
986 2496 1053 2526 had
1078 2497 1208 2536 always
1231 2497 1351 2526 shown
1369 2496 1579 2527 themselves
1596 2502 1632 2527 to
1650 2497 1691 2527 be
1710 2508 1752 2527 an

217 2541 484 2578 unsubniissive,
506 2544 565 2571 not
584 2548 619 2570 to
637 2551 697 2580 say
716 2541 961 2577 troublesoine,
979 2541 1207 2580 community.

261 2582 273 2602 ²
299 2586 590 2615 Newton-Abbot.
639 2584 656 2597 ‘⁶
671 2586 780 2623 Egi-os
794 2585 811 2596 '’
830 2585 868 2622 is,
883 2585 1102 2624 apparently,
1120 2595 1140 2614 a
1157 2585 1294 2614 clerical
1313 2594 1409 2614 error
1426 2584 1481 2613 for
1498 2583 1516 2596 ‘⁴
1529 2585 1664 2623 agros.'’

262 2627 274 2645 ²⁴
297 2629 387 2660 John
408 2628 558 2668 Cheyne,
576 2628 693 2659 Canon
711 2629 748 2659 of
773 2629 901 2659 Exeter
921 2628 986 2668 (see
1002 2639 1090 2668 page
1111 2628 1204 2667 393).
1255 2629 1307 2657 Hc
1331 2638 1401 2657 was
1419 2638 1483 2658 one
1500 2629 1536 2658 of
1558 2630 1658 2659 those
1678 2630 1753 2659 who

216 2676 310 2703 went
328 2677 363 2703 to
381 2673 487 2713 Clyst‚
505 2678 541 2704 to
559 2683 656 2704 serve
673 2673 733 2702 the
751 2673 999 2713 Archbishop’s
1017 2673 1171 2703 Citation
1189 2683 1232 2703 on
1251 2673 1382 2711 Bishop
1401 2673 1666 2712 Brantynghain
1690 2673 1755 2713 (see

212 2727 302 2757 page
327 2719 426 2756 xvii).

260 2760 272 2778 ‘¹
298 2762 533 2802 Grampound,
552 2761 587 2791 in
604 2761 664 2791 the
684 2761 803 2791 Parish
823 2760 859 2790 of
877 2761 926 2791 St.
946 2761 1066 2791 Creed.

262 2802 274 2822 ⁵
300 2806 442 2846 Sunday
458 2806 692 2843 intervening,
710 2805 769 2835 the
788 2805 879 2843 Vigil
898 2815 979 2842 was,
997 2815 1035 2836 as
1052 2805 1162 2842 usual,
1182 2805 1265 2844 kept
1282 2815 1325 2834 on
1345 2804 1404 2834 the
1424 2804 1608 2845 Saturday.

260 2847 272 2866 ⁶
296 2850 314 2863 “
328 2850 603 2888 Columbinam‚''
622 2850 693 2879 MS.
708 2874 714 2887 ,
733 2860 753 2879 a
770 2849 907 2879 clerica]
924 2859 1021 2880 error

261 2891 273 2914 ⁷
298 2895 331 2924 It
355 2895 384 2924 is
412 2898 473 2925 not
501 2904 583 2934 easy
611 2896 647 2924 to
672 2894 822 2933 identisy
848 2893 918 2923 this
942 2894 1050 2933 place.
1112 2893 1262 2923 Thomas
1287 2892 1473 2923 Peverell’s
1498 2893 1591 2924 chief
1615 2895 1690 2924 seat
1718 2893 1753 2924 in

217 2936 388 2968 Cornwall
407 2950 477 2969 was
495 2940 553 2969 the
572 2938 830 2968 Man01·-House
847 2938 884 2968 of
905 2937 1028 2975 Parke,
1045 2947 1084 2968 or
1106 2937 1138 2967 le
1163 2937 1285 2975 Parke,
1302 2936 1336 2966 in
1362 2936 1421 2967 the
1440 2937 1561 2968 Parish
1579 2937 1616 2968 of
1634 2938 1752 2977 Eglos-
