<?xml version="1.0" encoding="UTF-8"?>
<!DOCTYPE html PUBLIC "-//W3C//DTD XHTML 1.0 Transitional//EN"
    "http://www.w3.org/TR/xhtml1/DTD/xhtml1-transitional.dtd">
<html xmlns="http://www.w3.org/1999/xhtml" xml:lang="en" lang="en">
 <head>
  <title>
</title>
<meta http-equiv="Content-Type" content="text/html;charset=utf-8" />
  <meta name='ocr-system' content='tesseract 3.04.00' />
  <meta name='ocr-capabilities' content='ocr_page ocr_carea ocr_par ocr_line ocrx_word'/>
</head>
<body>
  <div class='ocr_page' id='page_1' title='image "./registerofthomas02cathuoft_0074.png"; bbox 0 0 1907 3212; ppageno 0'>
   <div class='ocr_carea' id='block_1_1' title="bbox 159 296 1494 345">
    <p class='ocr_par' dir='ltr' id='par_1_1' title="bbox 159 296 1494 345">
     <span class='ocr_line' id='line_1_1' title="bbox 159 296 1494 345; baseline 0.002 -4"><span class='ocrx_word' id='word_1_1' title='bbox 159 296 253 342; x_wconf 88' lang='lat'>594</span> <span class='ocrx_word' id='word_1_2' title='bbox 370 311 468 344; x_wconf 78' lang='lat' dir='ltr'>THE</span> <span class='ocrx_word' id='word_1_3' title='bbox 504 309 746 345; x_wconf 68' lang='lat' dir='ltr'>ameisrssa</span> <span class='ocrx_word' id='word_1_4' title='bbox 781 309 838 343; x_wconf 69' lang='lat' dir='ltr'>or</span> <span class='ocrx_word' id='word_1_5' title='bbox 874 307 1052 344; x_wconf 82' lang='lat' dir='ltr'>BISHOP</span> <span class='ocrx_word' id='word_1_6' title='bbox 1087 308 1494 344; x_wconf 76' lang='lat' dir='ltr'>BRANTYNGHAM.</span> 
     </span>
    </p>
   </div>
   <div class='ocr_carea' id='block_1_2' title="bbox 158 407 1698 719">
    <p class='ocr_par' dir='ltr' id='par_1_2' title="bbox 158 407 1698 719">
     <span class='ocr_line' id='line_1_2' title="bbox 158 407 1696 466; baseline 0.001 -24"><span class='ocrx_word' id='word_1_7' title='bbox 158 407 232 466; x_wconf 57' lang='lat' dir='ltr'>1A3&#39;I?</span> <span class='ocrx_word' id='word_1_8' title='bbox 314 413 423 451; x_wconf 76' lang='lat' dir='ltr'>gistro</span> <span class='ocrx_word' id='word_1_9' title='bbox 452 413 636 443; x_wconf 87' lang='lat' dir='ltr'>Edmundo</span> <span class='ocrx_word' id='word_1_10' title='bbox 662 413 912 450; x_wconf 79' lang='lat' dir='ltr'>Mahneshulle,</span> <span class='ocrx_word' id='word_1_11' title='bbox 941 413 1147 443; x_wconf 86' lang='lat' dir='ltr'>Consistorii</span> <span class='ocrx_word' id='word_1_12' title='bbox 1176 413 1381 444; x_wconf 82' lang='lat' dir='ltr'>Exoniensis</span> <span class='ocrx_word' id='word_1_13' title='bbox 1409 413 1633 453; x_wconf 81' lang='lat' dir='ltr'>Registrario‚</span> <span class='ocrx_word' id='word_1_14' title='bbox 1661 416 1696 444; x_wconf 80' lang='lat' dir='ltr'>et</span> 
     </span>
     <span class='ocr_line' id='line_1_3' title="bbox 158 444 1696 500; baseline 0.001 -13"><span class='ocrx_word' id='word_1_15' title='bbox 158 444 230 500; x_wconf 53' lang='lat' dir='ltr'>Vgff&#39;</span> <span class='ocrx_word' id='word_1_16' title='bbox 243 475 264 500; x_wconf 67' lang='lat'>1¹</span> <span class='ocrx_word' id='word_1_17' title='bbox 314 457 466 487; x_wconf 86' lang='lat' dir='ltr'>Waltero</span> <span class='ocrx_word' id='word_1_18' title='bbox 478 458 604 494; x_wconf 85' lang='lat' dir='ltr'>Durke,</span> <span class='ocrx_word' id='word_1_19' title='bbox 622 457 779 497; x_wconf 79' lang='lat' dir='ltr'>ejusdem</span> <span class='ocrx_word' id='word_1_20' title='bbox 798 457 1003 488; x_wconf 86' lang='lat' dir='ltr'>Consistorii</span> <span class='ocrx_word' id='word_1_21' title='bbox 1020 457 1226 488; x_wconf 84' lang='lat' dir='ltr'>Exoniensis</span> <span class='ocrx_word' id='word_1_22' title='bbox 1238 457 1469 496; x_wconf 83' lang='lat' dir='ltr'>Proeuratori,</span> <span class='ocrx_word' id='word_1_23' title='bbox 1481 457 1696 498; x_wconf 85' lang='lat' dir='ltr'>conjunctim</span> 
     </span>
     <span class='ocr_line' id='line_1_4' title="bbox 311 501 1698 539; baseline 0.001 -9"><span class='ocrx_word' id='word_1_24' title='bbox 311 504 346 530; x_wconf 87' lang='lat' dir='ltr'>et</span> <span class='ocrx_word' id='word_1_25' title='bbox 373 501 521 539; x_wconf 84' lang='lat' dir='ltr'><strong>divisim,</strong></span> <span class='ocrx_word' id='word_1_26' title='bbox 550 504 671 532; x_wconf 85' lang='lat' dir='ltr'>contra</span> <span class='ocrx_word' id='word_1_27' title='bbox 700 501 866 531; x_wconf 87' lang='lat' dir='ltr'>Dominos</span> <span class='ocrx_word' id='word_1_28' title='bbox 896 502 917 532; x_wconf 84' lang='lat' dir='ltr'>J</span> <span class='ocrx_word' id='word_1_29' title='bbox 919 501 1092 532; x_wconf 86' lang='lat' dir='ltr'>ohannem</span> <span class='ocrx_word' id='word_1_30' title='bbox 1122 501 1262 532; x_wconf 85' lang='lat' dir='ltr'>Hacche</span> <span class='ocrx_word' id='word_1_31' title='bbox 1291 502 1332 533; x_wconf 87' lang='lat' dir='ltr'>de</span> <span class='ocrx_word' id='word_1_32' title='bbox 1359 501 1634 537; x_wconf 75' lang='lat' dir='ltr'>Southmoltone,</span> <span class='ocrx_word' id='word_1_33' title='bbox 1662 505 1698 533; x_wconf 84' lang='lat' dir='ltr'>et</span> 
     </span>
     <span class='ocr_line' id='line_1_5' title="bbox 310 544 1694 585; baseline 0.001 -11"><span class='ocrx_word' id='word_1_34' title='bbox 310 544 477 575; x_wconf 86' lang='lat' dir='ltr'>Thomam</span> <span class='ocrx_word' id='word_1_35' title='bbox 496 545 694 585; x_wconf 79' lang='lat' dir='ltr'>Lyndwode</span> <span class='ocrx_word' id='word_1_36' title='bbox 712 546 753 575; x_wconf 89' lang='lat' dir='ltr'>de</span> <span class='ocrx_word' id='word_1_37' title='bbox 771 545 981 585; x_wconf 73' lang='lat' dir='ltr'>Bukyntone</span> <span class='ocrx_word' id='word_1_38' title='bbox 1000 546 1233 576; x_wconf 89' lang='lat' dir='ltr'>Ecclesiarum</span> <span class='ocrx_word' id='word_1_39' title='bbox 1251 546 1507 576; x_wconf 84' lang='lat' dir='ltr'>Paroehialium</span> <span class='ocrx_word' id='word_1_40' title='bbox 1519 547 1694 583; x_wconf 81' lang='lat' dir='ltr'>Rectores,</span> 
     </span>
     <span class='ocr_line' id='line_1_6' title="bbox 310 589 1696 631; baseline 0.002 -13"><span class='ocrx_word' id='word_1_41' title='bbox 310 589 373 618; x_wconf 87' lang='lat' dir='ltr'>sub</span> <span class='ocrx_word' id='word_1_42' title='bbox 387 589 499 619; x_wconf 85' lang='lat' dir='ltr'>forma</span> <span class='ocrx_word' id='word_1_43' title='bbox 517 600 583 629; x_wconf 87' lang='lat' dir='ltr'>qua</span> <span class='ocrx_word' id='word_1_44' title='bbox 601 589 764 619; x_wconf 83' lang='lat' dir='ltr'>scribitur</span> <span class='ocrx_word' id='word_1_45' title='bbox 779 600 841 629; x_wconf 90' lang='lat' dir='ltr'>pro</span> <span class='ocrx_word' id='word_1_46' title='bbox 859 590 1028 629; x_wconf 86' lang='lat' dir='ltr'>Magistro</span> <span class='ocrx_word' id='word_1_47' title='bbox 1042 590 1174 620; x_wconf 81' lang='lat' dir='ltr'>Thoma</span> <span class='ocrx_word' id='word_1_48' title='bbox 1186 590 1277 630; x_wconf 81' lang='lat' dir='ltr'>Cary</span> <span class='ocrx_word' id='word_1_49' title='bbox 1287 596 1321 621; x_wconf 81' lang='lat' dir='ltr'>et</span> <span class='ocrx_word' id='word_1_50' title='bbox 1334 590 1515 630; x_wconf 86' lang='lat' dir='ltr'>Radulpho</span> <span class='ocrx_word' id='word_1_51' title='bbox 1527 591 1696 631; x_wconf 83' lang='lat' dir='ltr'>Pylatone</span> 
     </span>
     <span class='ocr_line' id='line_1_7' title="bbox 308 632 1695 674; baseline 0.003 -13"><span class='ocrx_word' id='word_1_52' title='bbox 308 633 342 662; x_wconf 90' lang='lat' dir='ltr'>iu</span> <span class='ocrx_word' id='word_1_53' title='bbox 362 633 522 672; x_wconf 80' lang='lat' dir='ltr'>Registro</span> <span class='ocrx_word' id='word_1_54' title='bbox 545 633 837 664; x_wconf 85' lang='lat' dir='ltr'>Commissionum</span> <span class='ocrx_word' id='word_1_55' title='bbox 864 632 971 674; x_wconf 80' lang='lat' dir='ltr'>[page</span> <span class='ocrx_word' id='word_1_56' title='bbox 995 634 1067 666; x_wconf 87' lang='grc'>166,</span> <span class='ocrx_word' id='word_1_57' title='bbox 1086 634 1148 664; x_wconf 84' lang='lat' dir='ltr'>No.</span> <span class='ocrx_word' id='word_1_58' title='bbox 1168 632 1272 674; x_wconf 82' lang='lat'>169];</span> <span class='ocrx_word' id='word_1_59' title='bbox 1297 637 1331 665; x_wconf 84' lang='lat' dir='ltr'>et</span> <span class='ocrx_word' id='word_1_60' title='bbox 1354 635 1494 673; x_wconf 83' lang='lat' dir='ltr'>habent,</span> <span class='ocrx_word' id='word_1_61' title='bbox 1512 645 1572 665; x_wconf 82' lang='lat' dir='ltr'>seu</span> <span class='ocrx_word' id='word_1_62' title='bbox 1589 635 1695 665; x_wconf 89' lang='lat' dir='ltr'>habet</span> 
     </span>
     <span class='ocr_line' id='line_1_8' title="bbox 309 677 1693 719; baseline 0.002 -13"><span class='ocrx_word' id='word_1_63' title='bbox 309 677 375 713; x_wconf 83' lang='lat' dir='ltr'>ille,</span> <span class='ocrx_word' id='word_1_64' title='bbox 393 681 469 715; x_wconf 73' lang='lat' dir='ltr'>ete,</span> <span class='ocrx_word' id='word_1_65' title='bbox 488 678 530 708; x_wconf 86' lang='lat' dir='ltr'>ad</span> <span class='ocrx_word' id='word_1_66' title='bbox 549 678 811 708; x_wconf 86' lang='lat' dir='ltr'>certificandum</span> <span class='ocrx_word' id='word_1_67' title='bbox 838 679 1035 716; x_wconf 85' lang='lat' dir='ltr'>Dominum,</span> <span class='ocrx_word' id='word_1_68' title='bbox 1053 689 1131 709; x_wconf 91' lang='lat' dir='ltr'>cum</span> <span class='ocrx_word' id='word_1_69' title='bbox 1148 689 1211 718; x_wconf 88' lang='lat' dir='ltr'>per</span> <span class='ocrx_word' id='word_1_70' title='bbox 1226 684 1363 718; x_wconf 85' lang='lat' dir='ltr'>partem</span> <span class='ocrx_word' id='word_1_71' title='bbox 1379 679 1536 719; x_wconf 86' lang='lat' dir='ltr'>ejusdem</span> <span class='ocrx_word' id='word_1_72' title='bbox 1554 679 1693 710; x_wconf 89' lang='lat' dir='ltr'>Domini</span> 
     </span>
    </p>
   </div>
   <div class='ocr_carea' id='block_1_3' title="bbox 264 721 1693 960">
    <p class='ocr_par' dir='ltr' id='par_1_3' title="bbox 308 721 826 762">
     <span class='ocr_line' id='line_1_9' title="bbox 308 721 826 762; baseline 0.002 -11"><span class='ocrx_word' id='word_1_73' title='bbox 308 721 439 751; x_wconf 85' lang='lat' dir='ltr'>fuerint</span> <span class='ocrx_word' id='word_1_74' title='bbox 457 732 518 752; x_wconf 88' lang='lat' dir='ltr'>seu</span> <span class='ocrx_word' id='word_1_75' title='bbox 533 721 641 752; x_wconf 85' lang='lat' dir='ltr'>fuerit</span> <span class='ocrx_word' id='word_1_76' title='bbox 658 722 826 762; x_wconf 85' lang='lat' dir='ltr'>requisiti.</span> 
     </span>
    </p>

    <p class='ocr_par' dir='ltr' id='par_1_4' title="bbox 264 774 1693 960">
     <span class='ocr_line' id='line_1_10' title="bbox 264 774 1480 828; baseline 0.002 -17"><span class='ocrx_word' id='word_1_77' title='bbox 264 775 477 812; x_wconf 83' lang='lat' dir='ltr'>Lamorran</span> <span class='ocrx_word' id='word_1_78' title='bbox 500 774 722 828; x_wconf 84' lang='lat' dir='ltr'>[Lamoren,</span> <span class='ocrx_word' id='word_1_79' title='bbox 746 775 846 827; x_wconf 58' lang='lat' dir='ltr'>MS]</span> <span class='ocrx_word' id='word_1_80' title='bbox 866 790 874 822; x_wconf 76' lang='lat'>3</span> <span class='ocrx_word' id='word_1_81' title='bbox 899 777 963 814; x_wconf 79' lang='lat' dir='ltr'>Sir</span> <span class='ocrx_word' id='word_1_82' title='bbox 982 777 1158 813; x_wconf 78' lang='lat' dir='ltr'>William</span> <span class='ocrx_word' id='word_1_83' title='bbox 1179 777 1336 827; x_wconf 84' lang='lat' dir='ltr'>Gryme,</span> <span class='ocrx_word' id='word_1_84' title='bbox 1360 777 1480 822; x_wconf 72' lang='lat' dir='ltr'>R,—</span> 
     </span>
     <span class='ocr_line' id='line_1_11' title="bbox 307 831 1692 872; baseline 0.001 -11"><span class='ocrx_word' id='word_1_85' title='bbox 307 831 451 862; x_wconf 86' lang='lat' dir='ltr'>Licence</span> <span class='ocrx_word' id='word_1_86' title='bbox 469 832 505 861; x_wconf 84' lang='lat' dir='ltr'>of</span> <span class='ocrx_word' id='word_1_87' title='bbox 528 832 792 862; x_wconf 87' lang='lat' dir='ltr'>non-residence</span> <span class='ocrx_word' id='word_1_88' title='bbox 816 832 872 862; x_wconf 84' lang='lat' dir='ltr'>for</span> <span class='ocrx_word' id='word_1_89' title='bbox 894 842 913 862; x_wconf 90' lang='lat' dir='ltr'>a</span> <span class='ocrx_word' id='word_1_90' title='bbox 936 842 1029 872; x_wconf 72' lang='lat' dir='ltr'>year,</span> <span class='ocrx_word' id='word_1_91' title='bbox 1049 832 1066 845; x_wconf 84' lang='lat'>“</span> <span class='ocrx_word' id='word_1_92' title='bbox 1081 833 1174 870; x_wconf 83' lang='lat' dir='ltr'>dum,</span> <span class='ocrx_word' id='word_1_93' title='bbox 1192 837 1320 870; x_wconf 84' lang='lat' dir='ltr'>tamen,</span> <span class='ocrx_word' id='word_1_94' title='bbox 1338 833 1374 862; x_wconf 91' lang='grc'>111</span> <span class='ocrx_word' id='word_1_95' title='bbox 1393 832 1528 863; x_wconf 81' lang='lat' dir='ltr'>familia</span> <span class='ocrx_word' id='word_1_96' title='bbox 1545 837 1579 863; x_wconf 80' lang='lat' dir='ltr'>et</span> <span class='ocrx_word' id='word_1_97' title='bbox 1597 833 1692 864; x_wconf 86' lang='lat' dir='ltr'>obse-</span> 
     </span>
     <span class='ocr_line' id='line_1_12' title="bbox 304 875 1693 917; baseline 0.003 -13"><span class='ocrx_word' id='word_1_98' title='bbox 304 875 393 914; x_wconf 92' lang='lat' dir='ltr'>quiis</span> <span class='ocrx_word' id='word_1_99' title='bbox 422 876 556 906; x_wconf 82' lang='lat' dir='ltr'>Nobilis</span> <span class='ocrx_word' id='word_1_100' title='bbox 584 876 669 913; x_wconf 82' lang='lat' dir='ltr'>Viri,</span> <span class='ocrx_word' id='word_1_101' title='bbox 697 877 837 907; x_wconf 86' lang='lat' dir='ltr'>Domini</span> <span class='ocrx_word' id='word_1_102' title='bbox 863 876 993 907; x_wconf 89' lang='lat' dir='ltr'>Thome</span> <span class='ocrx_word' id='word_1_103' title='bbox 1020 877 1162 917; x_wconf 77' lang='lat' dir='ltr'>Fyehet,</span> <span class='ocrx_word' id='word_1_104' title='bbox 1194 877 1323 914; x_wconf 85' lang='lat' dir='ltr'>Militis,</span> <span class='ocrx_word' id='word_1_105' title='bbox 1346 887 1408 916; x_wconf 86' lang='lat' dir='ltr'>per</span> <span class='ocrx_word' id='word_1_106' title='bbox 1433 877 1525 907; x_wconf 85' lang='lat' dir='ltr'>idem</span> <span class='ocrx_word' id='word_1_107' title='bbox 1554 880 1693 917; x_wconf 87' lang='lat' dir='ltr'>tempus</span> 
     </span>
     <span class='ocr_line' id='line_1_13' title="bbox 305 918 942 960; baseline 0.003 -11"><span class='ocrx_word' id='word_1_108' title='bbox 305 920 452 957; x_wconf 80' lang='lat' dir='ltr'>steterit,</span> <span class='ocrx_word' id='word_1_109' title='bbox 470 920 557 951; x_wconf 80' lang='lat' dir='ltr'>etc.⁷⁷</span> <span class='ocrx_word' id='word_1_110' title='bbox 576 918 746 960; x_wconf 89' lang='lat' dir='ltr'>(London,</span> <span class='ocrx_word' id='word_1_111' title='bbox 767 920 806 952; x_wconf 89' lang='grc'>17</span> <span class='ocrx_word' id='word_1_112' title='bbox 824 919 942 959; x_wconf 62' lang='lat' dir='ltr'>Now).</span> 
     </span>
    </p>
   </div>
   <div class='ocr_carea' id='block_1_4' title="bbox 144 972 1692 2019">
    <p class='ocr_par' dir='ltr' id='par_1_5' title="bbox 257 972 1316 1023">
     <span class='ocr_line' id='line_1_14' title="bbox 257 972 1316 1023; baseline 0.002 -14"><span class='ocrx_word' id='word_1_113' title='bbox 257 972 510 1010; x_wconf 81' lang='lat' dir='ltr'>Confessions</span> <span class='ocrx_word' id='word_1_114' title='bbox 526 987 534 1019; x_wconf 78' lang='lat'>3</span> <span class='ocrx_word' id='word_1_115' title='bbox 564 975 738 1011; x_wconf 68' lang='lat' dir='ltr'>Potestas</span> <span class='ocrx_word' id='word_1_116' title='bbox 757 974 953 1012; x_wconf 65' lang='lat' dir='ltr'>audiendi</span> <span class='ocrx_word' id='word_1_117' title='bbox 977 974 1316 1023; x_wconf 62' lang='lat' dir='ltr'>Gotqfessiones,—</span> 
     </span>
    </p>

    <p class='ocr_par' dir='ltr' id='par_1_6' title="bbox 260 1028 1692 1247">
     <span class='ocr_line' id='line_1_15' title="bbox 260 1028 1691 1070; baseline 0.002 -13"><span class='ocrx_word' id='word_1_118' title='bbox 260 1028 360 1064; x_wconf 68' lang='lat' dir='ltr'>Item,</span> <span class='ocrx_word' id='word_1_119' title='bbox 386 1029 468 1069; x_wconf 77' lang='lat' dir='ltr'>xviij</span> <span class='ocrx_word' id='word_1_120' title='bbox 495 1029 550 1060; x_wconf 88' lang='lat' dir='ltr'>die</span> <span class='ocrx_word' id='word_1_121' title='bbox 576 1030 793 1067; x_wconf 83' lang='lat' dir='ltr'>Novembris,</span> <span class='ocrx_word' id='word_1_122' title='bbox 812 1030 982 1060; x_wconf 78' lang='lat' dir='ltr'>Dominus</span> <span class='ocrx_word' id='word_1_123' title='bbox 1008 1030 1183 1060; x_wconf 84' lang='lat' dir='ltr'>commisit</span> <span class='ocrx_word' id='word_1_124' title='bbox 1207 1030 1300 1060; x_wconf 82' lang='lat' dir='ltr'>vices</span> <span class='ocrx_word' id='word_1_125' title='bbox 1325 1040 1405 1060; x_wconf 84' lang='lat' dir='ltr'>suas</span> <span class='ocrx_word' id='word_1_126' title='bbox 1433 1035 1467 1060; x_wconf 80' lang='lat' dir='ltr'>et</span> <span class='ocrx_word' id='word_1_127' title='bbox 1499 1030 1691 1070; x_wconf 79' lang='lat' dir='ltr'>plenariam</span> 
     </span>
     <span class='ocr_line' id='line_1_16' title="bbox 302 1074 1692 1111; baseline 0.001 -9"><span class='ocrx_word' id='word_1_128' title='bbox 302 1076 513 1111; x_wconf 83' lang='lat' dir='ltr'>potestatem</span> <span class='ocrx_word' id='word_1_129' title='bbox 540 1074 654 1104; x_wconf 84' lang='lat' dir='ltr'>Fratri</span> <span class='ocrx_word' id='word_1_130' title='bbox 678 1074 829 1104; x_wconf 81' lang='lat' dir='ltr'>Johanni</span> <span class='ocrx_word' id='word_1_131' title='bbox 856 1074 1067 1111; x_wconf 79' lang='lat' dir='ltr'>Brauutoue,</span> <span class='ocrx_word' id='word_1_132' title='bbox 1086 1074 1227 1105; x_wconf 82' lang='lat' dir='ltr'>Ordinis</span> <span class='ocrx_word' id='word_1_133' title='bbox 1253 1075 1416 1104; x_wconf 76' lang='lat' dir='ltr'>Fratrum</span> <span class='ocrx_word' id='word_1_134' title='bbox 1442 1075 1626 1111; x_wconf 86' lang='lat' dir='ltr'>Minorum,</span> <span class='ocrx_word' id='word_1_135' title='bbox 1648 1075 1692 1105; x_wconf 86' lang='lat' dir='ltr'>ad</span> 
     </span>
     <span class='ocr_line' id='line_1_17' title="bbox 301 1117 1691 1159; baseline 0.002 -13"><span class='ocrx_word' id='word_1_136' title='bbox 301 1117 513 1147; x_wconf 86' lang='lat' dir='ltr'>audiendum</span> <span class='ocrx_word' id='word_1_137' title='bbox 528 1118 773 1149; x_wconf 84' lang='lat' dir='ltr'>Confessiones</span> <span class='ocrx_word' id='word_1_138' title='bbox 790 1118 1009 1148; x_wconf 87' lang='lat' dir='ltr'>subditorum</span> <span class='ocrx_word' id='word_1_139' title='bbox 1026 1118 1167 1149; x_wconf 88' lang='lat' dir='ltr'>Domini</span> <span class='ocrx_word' id='word_1_140' title='bbox 1183 1129 1479 1159; x_wconf 89' lang='lat' dir='ltr'>quorumcumque</span> <span class='ocrx_word' id='word_1_141' title='bbox 1491 1119 1584 1149; x_wconf 81' lang='lat' dir='ltr'>infra</span> <span class='ocrx_word' id='word_1_142' title='bbox 1602 1119 1691 1149; x_wconf 85' lang='lat' dir='ltr'>Civi-</span> 
     </span>
     <span class='ocr_line' id='line_1_18' title="bbox 300 1162 1691 1203; baseline 0.001 -12"><span class='ocrx_word' id='word_1_143' title='bbox 300 1164 410 1191; x_wconf 82' lang='lat' dir='ltr'>tatem</span> <span class='ocrx_word' id='word_1_144' title='bbox 425 1167 460 1192; x_wconf 86' lang='lat' dir='ltr'>et</span> <span class='ocrx_word' id='word_1_145' title='bbox 472 1162 643 1192; x_wconf 86' lang='lat' dir='ltr'>Diocesim</span> <span class='ocrx_word' id='word_1_146' title='bbox 660 1163 873 1193; x_wconf 79' lang='lat' dir='ltr'>Exonienses</span> <span class='ocrx_word' id='word_1_147' title='bbox 886 1163 1093 1203; x_wconf 85' lang='lat' dir='ltr'>ubicumque</span> <span class='ocrx_word' id='word_1_148' title='bbox 1105 1163 1409 1201; x_wconf 80' lang='lat' dir='ltr'>commorancium,</span> <span class='ocrx_word' id='word_1_149' title='bbox 1423 1165 1499 1200; x_wconf 72' lang='lat' dir='ltr'>ete,</span> <span class='ocrx_word' id='word_1_150' title='bbox 1512 1173 1573 1203; x_wconf 89' lang='lat' dir='ltr'>per</span> <span class='ocrx_word' id='word_1_151' title='bbox 1584 1173 1691 1193; x_wconf 88' lang='lat' dir='ltr'>unum</span> 
     </span>
     <span class='ocr_line' id='line_1_19' title="bbox 300 1206 1482 1247; baseline 0.002 -12"><span class='ocrx_word' id='word_1_152' title='bbox 300 1216 431 1235; x_wconf 88' lang='lat' dir='ltr'>annum</span> <span class='ocrx_word' id='word_1_153' title='bbox 448 1206 653 1244; x_wconf 71' lang='lat' dir='ltr'>duraturas,</span> <span class='ocrx_word' id='word_1_154' title='bbox 672 1207 776 1237; x_wconf 81' lang='lat' dir='ltr'>certis</span> <span class='ocrx_word' id='word_1_155' title='bbox 793 1207 907 1237; x_wconf 85' lang='lat' dir='ltr'>causis</span> <span class='ocrx_word' id='word_1_156' title='bbox 924 1207 1100 1237; x_wconf 87' lang='lat' dir='ltr'>consuetis</span> <span class='ocrx_word' id='word_1_157' title='bbox 1118 1207 1301 1237; x_wconf 77' lang='lat' dir='ltr'>dumtaxat</span> <span class='ocrx_word' id='word_1_158' title='bbox 1319 1207 1482 1247; x_wconf 79' lang='lat' dir='ltr'>exeeptis.</span> 
     </span>
    </p>

    <p class='ocr_par' dir='ltr' id='par_1_7' title="bbox 255 1258 1267 1312">
     <span class='ocr_line' id='line_1_20' title="bbox 255 1258 1267 1312; baseline 0.002 -17"><span class='ocrx_word' id='word_1_159' title='bbox 255 1258 430 1309; x_wconf 77' lang='lat' dir='ltr'>Uplyme</span> <span class='ocrx_word' id='word_1_160' title='bbox 451 1258 633 1312; x_wconf 78' lang='lat' dir='ltr'>[Uplyn1,</span> <span class='ocrx_word' id='word_1_161' title='bbox 657 1259 762 1311; x_wconf 55' lang='lat' dir='ltr'>MS]</span> <span class='ocrx_word' id='word_1_162' title='bbox 779 1274 788 1306; x_wconf 77' lang='lat'><em>3</em></span> <span class='ocrx_word' id='word_1_163' title='bbox 810 1261 872 1298; x_wconf 84' lang='lat' dir='ltr'>Sir</span> <span class='ocrx_word' id='word_1_164' title='bbox 891 1260 997 1298; x_wconf 86' lang='lat' dir='ltr'>John</span> <span class='ocrx_word' id='word_1_165' title='bbox 1018 1260 1122 1306; x_wconf 81' lang='lat' dir='ltr'>Vox,</span> <span class='ocrx_word' id='word_1_166' title='bbox 1147 1261 1267 1306; x_wconf 76' lang='lat' dir='ltr'>R,—</span> 
     </span>
    </p>

    <p class='ocr_par' dir='ltr' id='par_1_8' title="bbox 258 1314 1691 1532">
     <span class='ocr_line' id='line_1_21' title="bbox 258 1314 1691 1356; baseline 0.001 -12"><span class='ocrx_word' id='word_1_167' title='bbox 258 1314 402 1346; x_wconf 86' lang='lat' dir='ltr'>Licence</span> <span class='ocrx_word' id='word_1_168' title='bbox 414 1316 450 1345; x_wconf 81' lang='lat' dir='ltr'>of</span> <span class='ocrx_word' id='word_1_169' title='bbox 466 1316 731 1347; x_wconf 86' lang='lat' dir='ltr'>nou-residence</span> <span class='ocrx_word' id='word_1_170' title='bbox 749 1316 804 1346; x_wconf 82' lang='lat' dir='ltr'>for</span> <span class='ocrx_word' id='word_1_171' title='bbox 820 1326 839 1346; x_wconf 80' lang='lat' dir='ltr'>a</span> <span class='ocrx_word' id='word_1_172' title='bbox 857 1316 1016 1356; x_wconf 69' lang='lat' dir='ltr'>yeal&#39;,-—“</span> <span class='ocrx_word' id='word_1_173' title='bbox 1029 1316 1057 1346; x_wconf 87' lang='lat' dir='ltr'>si</span> <span class='ocrx_word' id='word_1_174' title='bbox 1075 1316 1108 1345; x_wconf 92' lang='lat' dir='ltr'>in</span> <span class='ocrx_word' id='word_1_175' title='bbox 1128 1316 1373 1355; x_wconf 83' lang='lat' dir='ltr'>prosecucione</span> <span class='ocrx_word' id='word_1_176' title='bbox 1390 1316 1462 1346; x_wconf 85' lang='lat' dir='ltr'>litis</span> <span class='ocrx_word' id='word_1_177' title='bbox 1474 1326 1577 1355; x_wconf 86' lang='lat' dir='ltr'>super</span> <span class='ocrx_word' id='word_1_178' title='bbox 1589 1316 1691 1346; x_wconf 89' lang='lat' dir='ltr'>titulo</span> 
     </span>
     <span class='ocr_line' id='line_1_22' title="bbox 299 1360 1690 1400; baseline 0.001 -11"><span class='ocrx_word' id='word_1_179' title='bbox 299 1366 333 1389; x_wconf 86' lang='lat' dir='ltr'>et</span> <span class='ocrx_word' id='word_1_180' title='bbox 350 1360 427 1399; x_wconf 84' lang='lat' dir='ltr'>jure</span> <span class='ocrx_word' id='word_1_181' title='bbox 445 1360 515 1390; x_wconf 86' lang='lat' dir='ltr'>tuis</span> <span class='ocrx_word' id='word_1_182' title='bbox 539 1361 573 1390; x_wconf 93' lang='lat' dir='ltr'>in</span> <span class='ocrx_word' id='word_1_183' title='bbox 600 1361 755 1391; x_wconf 78' lang='lat' dir='ltr'>Ecclesia</span> <span class='ocrx_word' id='word_1_184' title='bbox 779 1366 841 1390; x_wconf 87' lang='lat' dir='ltr'>tua</span> <span class='ocrx_word' id='word_1_185' title='bbox 864 1361 1031 1400; x_wconf 86' lang='lat' dir='ltr'>predicta,</span> <span class='ocrx_word' id='word_1_186' title='bbox 1048 1360 1141 1390; x_wconf 84' lang='lat' dir='ltr'>inter</span> <span class='ocrx_word' id='word_1_187' title='bbox 1164 1367 1199 1390; x_wconf 87' lang='lat' dir='ltr'>te</span> <span class='ocrx_word' id='word_1_188' title='bbox 1224 1364 1259 1390; x_wconf 82' lang='lat' dir='ltr'>et</span> <span class='ocrx_word' id='word_1_189' title='bbox 1284 1361 1470 1390; x_wconf 89' lang='lat' dir='ltr'>Dominum</span> <span class='ocrx_word' id='word_1_190' title='bbox 1495 1361 1690 1391; x_wconf 83' lang='lat' dir='ltr'>Johannein</span> 
     </span>
     <span class='ocr_line' id='line_1_23' title="bbox 300 1404 1690 1444; baseline 0 -10"><span class='ocrx_word' id='word_1_191' title='bbox 300 1404 440 1444; x_wconf 77' lang='lat' dir='ltr'>Couley,</span> <span class='ocrx_word' id='word_1_192' title='bbox 458 1405 697 1435; x_wconf 81' lang='lat' dir='ltr'>adversarium</span> <span class='ocrx_word' id='word_1_193' title='bbox 715 1408 826 1441; x_wconf 87' lang='lat' dir='ltr'>tuum,</span> <span class='ocrx_word' id='word_1_194' title='bbox 845 1407 948 1442; x_wconf 83' lang='lat' dir='ltr'>mete,</span> <span class='ocrx_word' id='word_1_195' title='bbox 968 1408 1005 1434; x_wconf 88' lang='lat' dir='ltr'>ut</span> <span class='ocrx_word' id='word_1_196' title='bbox 1023 1405 1158 1441; x_wconf 84' lang='lat' dir='ltr'>asseris,</span> <span class='ocrx_word' id='word_1_197' title='bbox 1176 1405 1349 1435; x_wconf 78' lang='lat' dir='ltr'>veraciter</span> <span class='ocrx_word' id='word_1_198' title='bbox 1365 1408 1554 1444; x_wconf 81' lang='lat' dir='ltr'>occupatus</span> <span class='ocrx_word' id='word_1_199' title='bbox 1570 1405 1690 1441; x_wconf 74' lang='lat' dir='ltr'>fueris,</span> 
     </span>
     <span class='ocr_line' id='line_1_24' title="bbox 299 1448 1690 1489; baseline 0 -11"><span class='ocrx_word' id='word_1_200' title='bbox 299 1456 364 1478; x_wconf 87' lang='lat' dir='ltr'>ete.</span> <span class='ocrx_word' id='word_1_201' title='bbox 414 1449 555 1479; x_wconf 80' lang='lat' dir='ltr'>Proviso</span> <span class='ocrx_word' id='word_1_202' title='bbox 569 1450 659 1489; x_wconf 85' lang='lat' dir='ltr'>quod</span> <span class='ocrx_word' id='word_1_203' title='bbox 670 1449 781 1479; x_wconf 84' lang='lat' dir='ltr'>eidem</span> <span class='ocrx_word' id='word_1_204' title='bbox 801 1449 953 1479; x_wconf 84' lang='lat' dir='ltr'>Eeclesie</span> <span class='ocrx_word' id='word_1_205' title='bbox 970 1452 1039 1485; x_wconf 79' lang='lat' dir='ltr'>tue,</span> <span class='ocrx_word' id='word_1_206' title='bbox 1057 1452 1129 1479; x_wconf 87' lang='lat' dir='ltr'>tam</span> <span class='ocrx_word' id='word_1_207' title='bbox 1146 1449 1183 1478; x_wconf 90' lang='lat' dir='ltr'>in</span> <span class='ocrx_word' id='word_1_208' title='bbox 1200 1449 1335 1479; x_wconf 86' lang='lat' dir='ltr'>Divinis</span> <span class='ocrx_word' id='word_1_209' title='bbox 1353 1448 1482 1479; x_wconf 77' lang='lat' dir='ltr'>Officiis</span> <span class='ocrx_word' id='word_1_210' title='bbox 1495 1459 1597 1489; x_wconf 87' lang='lat' dir='ltr'>quam</span> <span class='ocrx_word' id='word_1_211' title='bbox 1610 1459 1690 1479; x_wconf 87' lang='lat' dir='ltr'>eure</span> 
     </span>
     <span class='ocr_line' id='line_1_25' title="bbox 299 1493 1689 1532; baseline 0.001 -10"><span class='ocrx_word' id='word_1_212' title='bbox 299 1493 487 1523; x_wconf 82' lang='lat' dir='ltr'>exeereieio</span> <span class='ocrx_word' id='word_1_213' title='bbox 504 1493 711 1531; x_wconf 87' lang='lat' dir='ltr'>animarum,</span> <span class='ocrx_word' id='word_1_214' title='bbox 730 1493 844 1523; x_wconf 86' lang='lat' dir='ltr'>medio</span> <span class='ocrx_word' id='word_1_215' title='bbox 869 1496 1024 1532; x_wconf 85' lang='lat' dir='ltr'>tempore</span> <span class='ocrx_word' id='word_1_216' title='bbox 1048 1493 1158 1523; x_wconf 81' lang='lat' dir='ltr'>facias</span> <span class='ocrx_word' id='word_1_217' title='bbox 1175 1493 1353 1529; x_wconf 77' lang='lat' dir='ltr'>deserviri,</span> <span class='ocrx_word' id='word_1_218' title='bbox 1371 1496 1404 1523; x_wconf 86' lang='lat' dir='ltr'>et</span> <span class='ocrx_word' id='word_1_219' title='bbox 1425 1493 1689 1523; x_wconf 80' lang='lat' dir='ltr'>Procuratorem</span> 
     </span>
    </p>

    <p class='ocr_par' dir='ltr' id='par_1_9' title="bbox 145 1533 1690 1577">
     <span class='ocr_line' id='line_1_26' title="bbox 145 1533 1690 1577; baseline 0.001 -11"><span class='ocrx_word' id='word_1_220' title='bbox 145 1533 191 1573; x_wconf 48' lang='lat'><em>92¹„-</em></span> <span class='ocrx_word' id='word_1_221' title='bbox 296 1537 471 1576; x_wconf 64' lang='lat' dir='ltr'>ydoneum</span> <span class='ocrx_word' id='word_1_222' title='bbox 496 1537 530 1567; x_wconf 91' lang='lat' dir='ltr'>in</span> <span class='ocrx_word' id='word_1_223' title='bbox 548 1538 669 1568; x_wconf 88' lang='lat' dir='ltr'>eadem</span> <span class='ocrx_word' id='word_1_224' title='bbox 687 1538 880 1568; x_wconf 80' lang='lat' dir='ltr'>constituas</span> <span class='ocrx_word' id='word_1_225' title='bbox 905 1541 939 1567; x_wconf 87' lang='lat' dir='ltr'>et</span> <span class='ocrx_word' id='word_1_226' title='bbox 964 1537 1132 1574; x_wconf 43' lang='lat' dir='ltr'>dimittas</span> <span class='ocrx_word' id='word_1_227' title='bbox 1149 1537 1207 1577; x_wconf 88' lang='lat' dir='ltr'>qui</span> <span class='ocrx_word' id='word_1_228' title='bbox 1233 1537 1326 1567; x_wconf 85' lang='lat' dir='ltr'>dieto</span> <span class='ocrx_word' id='word_1_229' title='bbox 1350 1540 1506 1576; x_wconf 88' lang='lat' dir='ltr'>tempore</span> <span class='ocrx_word' id='word_1_230' title='bbox 1529 1537 1628 1567; x_wconf 79' lang='lat' dir='ltr'>nobis</span> <span class='ocrx_word' id='word_1_231' title='bbox 1651 1547 1690 1567; x_wconf 86' lang='lat' dir='ltr'>ae</span> 
     </span>
    </p>

    <p class='ocr_par' dir='ltr' id='par_1_10' title="bbox 144 1568 1690 2019">
     <span class='ocr_line' id='line_1_27' title="bbox 144 1568 1690 1621; baseline 0.001 -11"><span class='ocrx_word' id='word_1_232' title='bbox 144 1568 200 1593; x_wconf 58' lang='lat' dir='ltr'>lis.</span> <span class='ocrx_word' id='word_1_233' title='bbox 298 1581 469 1612; x_wconf 83' lang='lat' dir='ltr'>Ministris</span> <span class='ocrx_word' id='word_1_234' title='bbox 487 1582 625 1619; x_wconf 85' lang='lat' dir='ltr'>nostris,</span> <span class='ocrx_word' id='word_1_235' title='bbox 644 1588 678 1612; x_wconf 86' lang='lat' dir='ltr'>et</span> <span class='ocrx_word' id='word_1_236' title='bbox 703 1582 828 1612; x_wconf 86' lang='lat' dir='ltr'>ceteris</span> <span class='ocrx_word' id='word_1_237' title='bbox 854 1582 1057 1619; x_wconf 78' lang='lat' dir='ltr'>Ordinariis,</span> <span class='ocrx_word' id='word_1_238' title='bbox 1074 1582 1215 1612; x_wconf 82' lang='lat' dir='ltr'>nomine</span> <span class='ocrx_word' id='word_1_239' title='bbox 1241 1584 1301 1611; x_wconf 91' lang='lat' dir='ltr'>tuo</span> <span class='ocrx_word' id='word_1_240' title='bbox 1327 1581 1441 1611; x_wconf 81' lang='lat' dir='ltr'>valeat</span> <span class='ocrx_word' id='word_1_241' title='bbox 1467 1581 1621 1621; x_wconf 80' lang='lat' dir='ltr'>legitime</span> <span class='ocrx_word' id='word_1_242' title='bbox 1639 1592 1690 1612; x_wconf 86' lang='lat' dir='ltr'>re-</span> 
     </span>
     <span class='ocr_line' id='line_1_28' title="bbox 300 1625 1690 1666; baseline 0 -11"><span class='ocrx_word' id='word_1_243' title='bbox 300 1626 488 1664; x_wconf 76' lang='lat' dir='ltr'>spondere3</span> <span class='ocrx_word' id='word_1_244' title='bbox 514 1632 548 1656; x_wconf 83' lang='lat' dir='ltr'>et</span> <span class='ocrx_word' id='word_1_245' title='bbox 566 1626 656 1665; x_wconf 86' lang='lat' dir='ltr'>quod</span> <span class='ocrx_word' id='word_1_246' title='bbox 680 1626 902 1666; x_wconf 78' lang='lat' dir='ltr'>aliquociens,</span> <span class='ocrx_word' id='word_1_247' title='bbox 921 1631 955 1655; x_wconf 89' lang='lat' dir='ltr'>et</span> <span class='ocrx_word' id='word_1_248' title='bbox 981 1626 1129 1656; x_wconf 81' lang='lat' dir='ltr'>maxime</span> <span class='ocrx_word' id='word_1_249' title='bbox 1155 1628 1311 1664; x_wconf 77' lang='lat' dir='ltr'>tempore</span> <span class='ocrx_word' id='word_1_250' title='bbox 1334 1625 1643 1665; x_wconf 78' lang='lat' dir='ltr'>Quadragesimali,</span> <span class='ocrx_word' id='word_1_251' title='bbox 1662 1625 1690 1655; x_wconf 85' lang='lat' dir='ltr'>si</span> 
     </span>
     <span class='ocr_line' id='line_1_29' title="bbox 298 1669 1690 1710; baseline 0 -11"><span class='ocrx_word' id='word_1_252' title='bbox 298 1670 333 1699; x_wconf 89' lang='lat' dir='ltr'>in</span> <span class='ocrx_word' id='word_1_253' title='bbox 353 1670 473 1709; x_wconf 83' lang='lat' dir='ltr'>Regno</span> <span class='ocrx_word' id='word_1_254' title='bbox 490 1670 616 1709; x_wconf 78' lang='lat' dir='ltr'>Anglie</span> <span class='ocrx_word' id='word_1_255' title='bbox 634 1681 767 1700; x_wconf 85' lang='lat' dir='ltr'>moram</span> <span class='ocrx_word' id='word_1_256' title='bbox 784 1670 957 1700; x_wconf 78' lang='lat' dir='ltr'>traxheris</span> <span class='ocrx_word' id='word_1_257' title='bbox 979 1669 1076 1709; x_wconf 74' lang='lat' dir='ltr'>(sic),</span> <span class='ocrx_word' id='word_1_258' title='bbox 1094 1670 1137 1699; x_wconf 84' lang='lat' dir='ltr'>ad</span> <span class='ocrx_word' id='word_1_259' title='bbox 1156 1670 1346 1699; x_wconf 75' lang='lat' dir='ltr'>Ecclesiam</span> <span class='ocrx_word' id='word_1_260' title='bbox 1365 1672 1462 1700; x_wconf 89' lang='lat' dir='ltr'>tuam</span> <span class='ocrx_word' id='word_1_261' title='bbox 1480 1670 1690 1710; x_wconf 81' lang='lat' dir='ltr'>hujusmodi,</span> 
     </span>
     <span class='ocr_line' id='line_1_30' title="bbox 300 1714 1689 1754; baseline 0.001 -11"><span class='ocrx_word' id='word_1_262' title='bbox 300 1724 361 1754; x_wconf 89' lang='lat' dir='ltr'>pro</span> <span class='ocrx_word' id='word_1_263' title='bbox 372 1714 624 1745; x_wconf 80' lang='lat' dir='ltr'>inforinacione</span> <span class='ocrx_word' id='word_1_264' title='bbox 640 1714 930 1754; x_wconf 86' lang='lat' dir='ltr'>parochianorum</span> <span class='ocrx_word' id='word_1_265' title='bbox 948 1718 1087 1744; x_wconf 86' lang='lat' dir='ltr'>tuorum</span> <span class='ocrx_word' id='word_1_266' title='bbox 1105 1717 1138 1744; x_wconf 83' lang='lat' dir='ltr'>et</span> <span class='ocrx_word' id='word_1_267' title='bbox 1157 1714 1267 1744; x_wconf 82' lang='lat' dir='ltr'>salute</span> <span class='ocrx_word' id='word_1_268' title='bbox 1281 1714 1477 1744; x_wconf 85' lang='lat' dir='ltr'>animarum</span> <span class='ocrx_word' id='word_1_269' title='bbox 1489 1714 1689 1752; x_wconf 84' lang='lat' dir='ltr'>eorundem,</span> 
     </span>
     <span class='ocr_line' id='line_1_31' title="bbox 301 1758 1689 1798; baseline 0 -10"><span class='ocrx_word' id='word_1_270' title='bbox 301 1759 442 1789; x_wconf 75' lang='lat' dir='ltr'>studeas</span> <span class='ocrx_word' id='word_1_271' title='bbox 458 1759 690 1798; x_wconf 77' lang='lat' dir='ltr'>personaliter</span> <span class='ocrx_word' id='word_1_272' title='bbox 714 1762 747 1789; x_wconf 81' lang='lat' dir='ltr'>te</span> <span class='ocrx_word' id='word_1_273' title='bbox 773 1759 951 1795; x_wconf 87' lang='lat' dir='ltr'>conferre;</span> <span class='ocrx_word' id='word_1_274' title='bbox 978 1759 1136 1798; x_wconf 83' lang='lat' dir='ltr'>quodque</span> <span class='ocrx_word' id='word_1_275' title='bbox 1161 1758 1321 1788; x_wconf 83' lang='lat' dir='ltr'>abseneie</span> <span class='ocrx_word' id='word_1_276' title='bbox 1346 1760 1406 1788; x_wconf 82' lang='lat' dir='ltr'>tue</span> <span class='ocrx_word' id='word_1_277' title='bbox 1430 1758 1621 1797; x_wconf 82' lang='lat' dir='ltr'>dampnum</span> <span class='ocrx_word' id='word_1_278' title='bbox 1639 1769 1689 1788; x_wconf 88' lang='lat' dir='ltr'>re.-</span> 
     </span>
     <span class='ocr_line' id='line_1_32' title="bbox 300 1802 1689 1842; baseline 0.001 -11"><span class='ocrx_word' id='word_1_279' title='bbox 300 1808 545 1842; x_wconf 86' lang='lat' dir='ltr'>compensetur</span> <span class='ocrx_word' id='word_1_280' title='bbox 568 1803 766 1842; x_wconf 76' lang='lat' dir='ltr'>largicione,</span> <span class='ocrx_word' id='word_1_281' title='bbox 793 1810 911 1833; x_wconf 84' lang='lat' dir='ltr'>nostro</span> <span class='ocrx_word' id='word_1_282' title='bbox 942 1803 1088 1833; x_wconf 88' lang='lat' dir='ltr'>arbitrio</span> <span class='ocrx_word' id='word_1_283' title='bbox 1114 1802 1345 1839; x_wconf 75' lang='lat' dir='ltr'>moderanda,</span> <span class='ocrx_word' id='word_1_284' title='bbox 1378 1812 1551 1842; x_wconf 81' lang='lat' dir='ltr'>oneraque</span> <span class='ocrx_word' id='word_1_285' title='bbox 1576 1803 1689 1833; x_wconf 84' lang='lat' dir='ltr'>eidem</span> 
     </span>
     <span class='ocr_line' id='line_1_33' title="bbox 300 1847 1688 1886; baseline 0 -9"><span class='ocrx_word' id='word_1_286' title='bbox 300 1847 452 1877; x_wconf 84' lang='lat' dir='ltr'>Ecclesie</span> <span class='ocrx_word' id='word_1_287' title='bbox 470 1848 722 1881; x_wconf 73' lang='lat' dir='ltr'>incumbeneia,</span> <span class='ocrx_word' id='word_1_288' title='bbox 740 1850 778 1877; x_wconf 85' lang='lat' dir='ltr'>ut</span> <span class='ocrx_word' id='word_1_289' title='bbox 803 1847 976 1885; x_wconf 77' lang='lat' dir='ltr'>convenit,</span> <span class='ocrx_word' id='word_1_290' title='bbox 995 1847 1111 1877; x_wconf 86' lang='lat' dir='ltr'>debite</span> <span class='ocrx_word' id='word_1_291' title='bbox 1134 1853 1393 1886; x_wconf 80' lang='lat' dir='ltr'>supportentur.</span> <span class='ocrx_word' id='word_1_292' title='bbox 1441 1847 1620 1884; x_wconf 82' lang='lat' dir='ltr'>Volumus,</span> <span class='ocrx_word' id='word_1_293' title='bbox 1640 1851 1688 1877; x_wconf 80' lang='lat' dir='ltr'>ta-</span> 
     </span>
     <span class='ocr_line' id='line_1_34' title="bbox 301 1891 1688 1931; baseline 0.001 -11"><span class='ocrx_word' id='word_1_294' title='bbox 301 1902 390 1929; x_wconf 89' lang='lat' dir='ltr'>men,</span> <span class='ocrx_word' id='word_1_295' title='bbox 408 1892 498 1931; x_wconf 83' lang='lat' dir='ltr'>quod</span> <span class='ocrx_word' id='word_1_296' title='bbox 523 1892 611 1922; x_wconf 84' lang='lat' dir='ltr'>eitra</span> <span class='ocrx_word' id='word_1_297' title='bbox 637 1892 780 1922; x_wconf 83' lang='lat' dir='ltr'>Festum</span> <span class='ocrx_word' id='word_1_298' title='bbox 805 1891 1067 1921; x_wconf 85' lang='lat' dir='ltr'>Purificacionis</span> <span class='ocrx_word' id='word_1_299' title='bbox 1091 1891 1198 1921; x_wconf 82' lang='lat' dir='ltr'>Beate</span> <span class='ocrx_word' id='word_1_300' title='bbox 1226 1891 1333 1921; x_wconf 85' lang='lat' dir='ltr'>Marie</span> <span class='ocrx_word' id='word_1_301' title='bbox 1358 1891 1514 1930; x_wconf 74' lang='lat' dir='ltr'>Virginis</span> <span class='ocrx_word' id='word_1_302' title='bbox 1531 1891 1688 1930; x_wconf 84' lang='lat' dir='ltr'>proximo</span> 
     </span>
     <span class='ocr_line' id='line_1_35' title="bbox 300 1935 1689 1975; baseline 0.001 -11"><span class='ocrx_word' id='word_1_303' title='bbox 300 1946 392 1965; x_wconf 87' lang='lat' dir='ltr'>nune</span> <span class='ocrx_word' id='word_1_304' title='bbox 410 1936 568 1966; x_wconf 82' lang='lat' dir='ltr'>futurum</span> <span class='ocrx_word' id='word_1_305' title='bbox 586 1937 629 1966; x_wconf 81' lang='lat' dir='ltr'>ad</span> <span class='ocrx_word' id='word_1_306' title='bbox 646 1936 861 1975; x_wconf 82' lang='lat' dir='ltr'>presenciam</span> <span class='ocrx_word' id='word_1_307' title='bbox 888 1942 1043 1966; x_wconf 86' lang='lat' dir='ltr'>nostram</span> <span class='ocrx_word' id='word_1_308' title='bbox 1068 1935 1223 1973; x_wconf 75' lang='lat' dir='ltr'>accedas,</span> <span class='ocrx_word' id='word_1_309' title='bbox 1241 1945 1303 1965; x_wconf 89' lang='lat' dir='ltr'>nos</span> <span class='ocrx_word' id='word_1_310' title='bbox 1329 1935 1370 1965; x_wconf 85' lang='lat' dir='ltr'>de</span> <span class='ocrx_word' id='word_1_311' title='bbox 1390 1935 1504 1965; x_wconf 82' lang='lat' dir='ltr'>causis</span> <span class='ocrx_word' id='word_1_312' title='bbox 1521 1935 1689 1974; x_wconf 84' lang='lat' dir='ltr'>predictis</span> 
     </span>
     <span class='ocr_line' id='line_1_36' title="bbox 301 1979 1337 2019; baseline 0.002 -11"><span class='ocrx_word' id='word_1_313' title='bbox 301 1980 436 2019; x_wconf 73' lang='lat' dir='ltr'>plenius</span> <span class='ocrx_word' id='word_1_314' title='bbox 453 1980 879 2011; x_wconf 61' lang='lat' dir='ltr'>informaturus—Dated</span> <span class='ocrx_word' id='word_1_315' title='bbox 900 1980 1053 2017; x_wconf 70' lang='lat' dir='ltr'>London,</span> <span class='ocrx_word' id='word_1_316' title='bbox 1073 1981 1113 2010; x_wconf 86' lang='grc'>18</span> <span class='ocrx_word' id='word_1_317' title='bbox 1131 1979 1337 2010; x_wconf 76' lang='lat' dir='ltr'>November.</span> 
     </span>
    </p>
   </div>
   <div class='ocr_carea' id='block_1_5' title="bbox 254 2038 1690 2926">
    <p class='ocr_par' dir='ltr' id='par_1_11' title="bbox 254 2038 1690 2926">
     <span class='ocr_line' id='line_1_37' title="bbox 254 2038 1649 2087; baseline -0.001 -11"><span class='ocrx_word' id='word_1_318' title='bbox 254 2039 401 2076; x_wconf 84' lang='lat' dir='ltr'>Totnes</span> <span class='ocrx_word' id='word_1_319' title='bbox 419 2053 428 2085; x_wconf 77' lang='lat'><em>3</em></span> <span class='ocrx_word' id='word_1_320' title='bbox 449 2039 723 2076; x_wconf 67' lang='lat' dir='ltr'>Demmciacio</span> <span class='ocrx_word' id='word_1_321' title='bbox 743 2046 776 2075; x_wconf 71' lang='lat' dir='ltr'>et</span> <span class='ocrx_word' id='word_1_322' title='bbox 799 2039 950 2078; x_wconf 57' lang='lat' dir='ltr'>Cimon)</span> <span class='ocrx_word' id='word_1_323' title='bbox 971 2053 1092 2087; x_wconf 74' lang='lat' dir='ltr'>quare</span> <span class='ocrx_word' id='word_1_324' title='bbox 1112 2038 1231 2075; x_wconf 62' lang='lat' dir='ltr'>scribi</span> <span class='ocrx_word' id='word_1_325' title='bbox 1250 2052 1331 2075; x_wconf 67' lang='lat' dir='ltr'>ozon</span> <span class='ocrx_word' id='word_1_326' title='bbox 1352 2038 1492 2084; x_wconf 67' lang='lat' dir='ltr'>debeat,</span> <span class='ocrx_word' id='word_1_327' title='bbox 1514 2045 1649 2083; x_wconf 63' lang='lat' dir='ltr'>ele,—</span> 
     </span>
     <span class='ocr_line' id='line_1_38' title="bbox 258 2092 1689 2134; baseline 0.001 -11"><span class='ocrx_word' id='word_1_328' title='bbox 258 2094 417 2131; x_wconf 68' lang='lat' dir='ltr'>&#39;I‘homas‚</span> <span class='ocrx_word' id='word_1_329' title='bbox 435 2098 511 2128; x_wconf 55' lang='lat' dir='ltr'>etc„</span> <span class='ocrx_word' id='word_1_330' title='bbox 530 2096 668 2125; x_wconf 84' lang='lat' dir='ltr'>Decano</span> <span class='ocrx_word' id='word_1_331' title='bbox 686 2095 846 2125; x_wconf 80' lang='lat' dir='ltr'>Tottonie</span> <span class='ocrx_word' id='word_1_332' title='bbox 863 2101 898 2125; x_wconf 92' lang='lat' dir='ltr'>et</span> <span class='ocrx_word' id='word_1_333' title='bbox 924 2095 1070 2124; x_wconf 89' lang='lat' dir='ltr'>Domino</span> <span class='ocrx_word' id='word_1_334' title='bbox 1094 2093 1245 2124; x_wconf 73' lang='grc' dir='ltr'>ι10111111111</span> <span class='ocrx_word' id='word_1_335' title='bbox 1265 2092 1454 2134; x_wconf 81' lang='lat' dir='ltr'>[Sabyue],</span> <span class='ocrx_word' id='word_1_336' title='bbox 1472 2094 1610 2125; x_wconf 81' lang='lat' dir='ltr'>Vicario</span> <span class='ocrx_word' id='word_1_337' title='bbox 1629 2095 1689 2124; x_wconf 82' lang='lat' dir='ltr'>Ec-</span> 
     </span>
     <span class='ocr_line' id='line_1_39' title="bbox 302 2138 1688 2178; baseline 0 -9"><span class='ocrx_word' id='word_1_338' title='bbox 302 2139 404 2169; x_wconf 82' lang='lat' dir='ltr'>clesie</span> <span class='ocrx_word' id='word_1_339' title='bbox 429 2139 683 2177; x_wconf 80' lang='lat' dir='ltr'>Tottoniensis3</span> <span class='ocrx_word' id='word_1_340' title='bbox 712 2149 857 2176; x_wconf 79' lang='lat' dir='ltr'>necnon,</span> <span class='ocrx_word' id='word_1_341' title='bbox 875 2139 1036 2169; x_wconf 88' lang='lat' dir='ltr'>omnibus</span> <span class='ocrx_word' id='word_1_342' title='bbox 1059 2141 1093 2168; x_wconf 86' lang='lat' dir='ltr'>et</span> <span class='ocrx_word' id='word_1_343' title='bbox 1116 2138 1261 2177; x_wconf 83' lang='lat' dir='ltr'>singulis</span> <span class='ocrx_word' id='word_1_344' title='bbox 1283 2138 1422 2168; x_wconf 79' lang='lat' dir='ltr'>Curatis</span> <span class='ocrx_word' id='word_1_345' title='bbox 1443 2138 1601 2178; x_wconf 80' lang='lat' dir='ltr'>ejusdem</span> <span class='ocrx_word' id='word_1_346' title='bbox 1625 2139 1688 2169; x_wconf 86' lang='lat' dir='ltr'>De-</span> 
     </span>
     <span class='ocr_line' id='line_1_40' title="bbox 303 2182 1688 2223; baseline 0.001 -12"><span class='ocrx_word' id='word_1_347' title='bbox 303 2186 457 2219; x_wconf 57' lang='lat' dir='ltr'>(sanatus,</span> <span class='ocrx_word' id='word_1_348' title='bbox 470 2184 682 2223; x_wconf 76' lang='lat' dir='ltr'>singulisque</span> <span class='ocrx_word' id='word_1_349' title='bbox 698 2183 904 2213; x_wconf 75' lang='lat' dir='ltr'>Presbitoris</span> <span class='ocrx_word' id='word_1_350' title='bbox 922 2183 1047 2213; x_wconf 86' lang='lat' dir='ltr'>Divina</span> <span class='ocrx_word' id='word_1_351' title='bbox 1065 2182 1321 2213; x_wconf 78' lang='lat' dir='ltr'>celebrantibus</span> <span class='ocrx_word' id='word_1_352' title='bbox 1339 2182 1374 2211; x_wconf 88' lang='lat' dir='ltr'>in</span> <span class='ocrx_word' id='word_1_353' title='bbox 1385 2182 1516 2219; x_wconf 82' lang='lat' dir='ltr'>eodem,</span> <span class='ocrx_word' id='word_1_354' title='bbox 1529 2183 1688 2219; x_wconf 81' lang='lat' dir='ltr'>salutem,</span> 
     </span>
     <span class='ocr_line' id='line_1_41' title="bbox 303 2225 1689 2267; baseline 0 -10"><span class='ocrx_word' id='word_1_355' title='bbox 303 2227 504 2257; x_wconf 67' lang='lat' dir='ltr'>ete-Cum</span> <span class='ocrx_word' id='word_1_356' title='bbox 529 2228 668 2267; x_wconf 86' lang='lat' dir='ltr'>quidam</span> <span class='ocrx_word' id='word_1_357' title='bbox 698 2227 866 2257; x_wconf 78' lang='lat' dir='ltr'>Ricardus</span> <span class='ocrx_word' id='word_1_358' title='bbox 893 2225 1022 2267; x_wconf 60' lang='lat' dir='ltr'>Spin-cr,</span> <span class='ocrx_word' id='word_1_359' title='bbox 1050 2227 1090 2257; x_wconf 87' lang='lat' dir='ltr'>de</span> <span class='ocrx_word' id='word_1_360' title='bbox 1118 2226 1287 2257; x_wconf 86' lang='lat' dir='ltr'>Parochia</span> <span class='ocrx_word' id='word_1_361' title='bbox 1315 2227 1486 2264; x_wconf 85' lang='lat' dir='ltr'>Tottonie,</span> <span class='ocrx_word' id='word_1_362' title='bbox 1511 2227 1689 2257; x_wconf 82' lang='lat' dir='ltr'>occasione</span> 
     </span>
     <span class='ocr_line' id='line_1_42' title="bbox 302 2271 1687 2311; baseline 0.001 -12"><span class='ocrx_word' id='word_1_363' title='bbox 302 2271 543 2311; x_wconf 80' lang='lat' dir='ltr'>impedimenti</span> <span class='ocrx_word' id='word_1_364' title='bbox 560 2272 822 2301; x_wconf 70' lang='lat' dir='ltr'>Jurisdiccionis</span> <span class='ocrx_word' id='word_1_365' title='bbox 847 2279 964 2301; x_wconf 82' lang='lat' dir='ltr'>nostre</span> <span class='ocrx_word' id='word_1_366' title='bbox 991 2271 1233 2301; x_wconf 75' lang='lat' dir='ltr'>Ecclesiastico</span> <span class='ocrx_word' id='word_1_367' title='bbox 1258 2271 1294 2300; x_wconf 89' lang='grc'>111</span> <span class='ocrx_word' id='word_1_368' title='bbox 1319 2271 1468 2309; x_wconf 86' lang='lat' dir='ltr'>quodam</span> <span class='ocrx_word' id='word_1_369' title='bbox 1486 2271 1628 2309; x_wconf 76' lang='lat' dir='ltr'>negocio</span> <span class='ocrx_word' id='word_1_370' title='bbox 1645 2271 1687 2301; x_wconf 85' lang='lat' dir='ltr'>ad</span> 
     </span>
     <span class='ocr_line' id='line_1_43' title="bbox 305 2314 1688 2355; baseline 0 -11"><span class='ocrx_word' id='word_1_371' title='bbox 305 2316 430 2345; x_wconf 85' lang='lat' dir='ltr'>Forum</span> <span class='ocrx_word' id='word_1_372' title='bbox 450 2316 733 2346; x_wconf 82' lang='lat' dir='ltr'>Ecclesiasticum</span> <span class='ocrx_word' id='word_1_373' title='bbox 752 2316 885 2345; x_wconf 86' lang='lat' dir='ltr'>notorie</span> <span class='ocrx_word' id='word_1_374' title='bbox 906 2316 1114 2355; x_wconf 78' lang='lat' dir='ltr'>pertinente,</span> <span class='ocrx_word' id='word_1_375' title='bbox 1132 2318 1253 2345; x_wconf 85' lang='lat' dir='ltr'>eontra</span> <span class='ocrx_word' id='word_1_376' title='bbox 1277 2314 1425 2344; x_wconf 83' lang='lat' dir='ltr'>eundem</span> <span class='ocrx_word' id='word_1_377' title='bbox 1444 2315 1631 2344; x_wconf 78' lang='lat' dir='ltr'>Ricardum</span> <span class='ocrx_word' id='word_1_378' title='bbox 1649 2326 1688 2345; x_wconf 81' lang='lat' dir='ltr'>ex</span> 
     </span>
     <span class='ocr_line' id='line_1_44' title="bbox 304 2358 1689 2396; baseline 0.001 -9"><span class='ocrx_word' id='word_1_379' title='bbox 304 2360 422 2390; x_wconf 70' lang='lat' dir='ltr'>Officio</span> <span class='ocrx_word' id='word_1_380' title='bbox 437 2367 564 2394; x_wconf 70' lang='lat' dir='ltr'>nostro,</span> <span class='ocrx_word' id='word_1_381' title='bbox 579 2360 622 2390; x_wconf 84' lang='lat' dir='ltr'>ad</span> <span class='ocrx_word' id='word_1_382' title='bbox 640 2360 792 2389; x_wconf 78' lang='lat' dir='ltr'>debitam</span> <span class='ocrx_word' id='word_1_383' title='bbox 810 2360 924 2390; x_wconf 84' lang='lat' dir='ltr'>anime</span> <span class='ocrx_word' id='word_1_384' title='bbox 943 2370 1002 2389; x_wconf 87' lang='lat' dir='ltr'>sue</span> <span class='ocrx_word' id='word_1_385' title='bbox 1019 2359 1283 2396; x_wconf 83' lang='lat' dir='ltr'>correccionem,</span> <span class='ocrx_word' id='word_1_386' title='bbox 1295 2359 1330 2388; x_wconf 89' lang='grc'>111</span> <span class='ocrx_word' id='word_1_387' title='bbox 1345 2358 1558 2389; x_wconf 82' lang='lat' dir='ltr'>Consistorio</span> <span class='ocrx_word' id='word_1_388' title='bbox 1571 2362 1689 2389; x_wconf 83' lang='lat' dir='ltr'>nostro</span> 
     </span>
     <span class='ocr_line' id='line_1_45' title="bbox 304 2403 1689 2443; baseline 0 -11"><span class='ocrx_word' id='word_1_389' title='bbox 304 2404 489 2433; x_wconf 73' lang='lat' dir='ltr'>Exoniensi</span> <span class='ocrx_word' id='word_1_390' title='bbox 508 2404 715 2441; x_wconf 77' lang='lat' dir='ltr'>introducto,</span> <span class='ocrx_word' id='word_1_391' title='bbox 732 2414 795 2443; x_wconf 86' lang='lat' dir='ltr'>per</span> <span class='ocrx_word' id='word_1_392' title='bbox 810 2404 923 2443; x_wconf 85' lang='lat' dir='ltr'>ipsum</span> <span class='ocrx_word' id='word_1_393' title='bbox 942 2404 1025 2433; x_wconf 79' lang='lat' dir='ltr'>facti</span> <span class='ocrx_word' id='word_1_394' title='bbox 1048 2410 1082 2433; x_wconf 87' lang='lat' dir='ltr'>et</span> <span class='ocrx_word' id='word_1_395' title='bbox 1107 2403 1288 2439; x_wconf 83' lang='lat' dir='ltr'>contracti,</span> <span class='ocrx_word' id='word_1_396' title='bbox 1308 2403 1528 2433; x_wconf 75' lang='lat' dir='ltr'>Sentenciam</span> <span class='ocrx_word' id='word_1_397' title='bbox 1547 2403 1689 2433; x_wconf 83' lang='lat' dir='ltr'>Excom-</span> 
     </span>
     <span class='ocr_line' id='line_1_46' title="bbox 304 2447 1690 2487; baseline 0 -11"><span class='ocrx_word' id='word_1_398' title='bbox 304 2448 552 2478; x_wconf 81' lang='lat' dir='ltr'>munieaeionis</span> <span class='ocrx_word' id='word_1_399' title='bbox 572 2448 722 2487; x_wconf 81' lang='lat' dir='ltr'>Majoris,</span> <span class='ocrx_word' id='word_1_400' title='bbox 740 2458 759 2477; x_wconf 82' lang='lat' dir='ltr'>a</span> <span class='ocrx_word' id='word_1_401' title='bbox 777 2448 915 2478; x_wconf 63' lang='lat' dir='ltr'>(fanone</span> <span class='ocrx_word' id='word_1_402' title='bbox 933 2448 991 2478; x_wconf 91' lang='lat' dir='ltr'>illo</span> <span class='ocrx_word' id='word_1_403' title='bbox 1009 2447 1171 2485; x_wconf 72' lang='lat' dir='ltr'>Quom&#39;am</span> <span class='ocrx_word' id='word_1_404' title='bbox 1194 2447 1419 2477; x_wconf 54' lang='lat' dir='ltr'>immista-incus</span> <span class='ocrx_word' id='word_1_405' title='bbox 1436 2455 1556 2477; x_wconf 80' lang='lat' dir='ltr'>contra</span> <span class='ocrx_word' id='word_1_406' title='bbox 1574 2447 1690 2477; x_wconf 86' lang='lat' dir='ltr'>taliter</span> 
     </span>
     <span class='ocr_line' id='line_1_47' title="bbox 304 2491 1687 2531; baseline 0.001 -12"><span class='ocrx_word' id='word_1_407' title='bbox 304 2492 545 2531; x_wconf 79' lang='lat' dir='ltr'>delinquentes</span> <span class='ocrx_word' id='word_1_408' title='bbox 572 2492 712 2531; x_wconf 87' lang='lat' dir='ltr'>provide</span> <span class='ocrx_word' id='word_1_409' title='bbox 747 2492 864 2526; x_wconf 69' lang='lat' dir='ltr'>latam,</span> <span class='ocrx_word' id='word_1_410' title='bbox 891 2492 1088 2529; x_wconf 73' lang='lat' dir='ltr'>incurrisse,</span> <span class='ocrx_word' id='word_1_411' title='bbox 1118 2501 1179 2531; x_wconf 90' lang='lat' dir='ltr'>per</span> <span class='ocrx_word' id='word_1_412' title='bbox 1210 2491 1449 2521; x_wconf 83' lang='lat' dir='ltr'>Presidentem</span> <span class='ocrx_word' id='word_1_413' title='bbox 1483 2491 1687 2521; x_wconf 79' lang='lat' dir='ltr'>Consistorii</span> 
     </span>
     <span class='ocr_line' id='line_1_48' title="bbox 302 2535 1687 2575; baseline 0.001 -11"><span class='ocrx_word' id='word_1_414' title='bbox 302 2536 410 2565; x_wconf 78' lang='lat' dir='ltr'>nostri</span> <span class='ocrx_word' id='word_1_415' title='bbox 438 2536 594 2575; x_wconf 75' lang='lat' dir='ltr'>predicti,</span> <span class='ocrx_word' id='word_1_416' title='bbox 621 2547 698 2566; x_wconf 85' lang='lat' dir='ltr'>cum</span> <span class='ocrx_word' id='word_1_417' title='bbox 727 2538 899 2575; x_wconf 82' lang='lat' dir='ltr'>potestate</span> <span class='ocrx_word' id='word_1_418' title='bbox 928 2535 1121 2575; x_wconf 84' lang='lat' dir='ltr'>corrigendi</span> <span class='ocrx_word' id='word_1_419' title='bbox 1148 2538 1183 2565; x_wconf 84' lang='lat' dir='ltr'>et</span> <span class='ocrx_word' id='word_1_420' title='bbox 1207 2535 1373 2575; x_wconf 88' lang='lat' dir='ltr'>puniendi</span> <span class='ocrx_word' id='word_1_421' title='bbox 1391 2545 1687 2575; x_wconf 79' lang='lat' dir='ltr'>quorumcumque</span> 
     </span>
     <span class='ocr_line' id='line_1_49' title="bbox 302 2579 1686 2619; baseline 0.001 -12"><span class='ocrx_word' id='word_1_422' title='bbox 302 2580 519 2609; x_wconf 68' lang='lat' dir='ltr'>subditorum</span> <span class='ocrx_word' id='word_1_423' title='bbox 535 2586 733 2610; x_wconf 84' lang='lat' dir='ltr'>nostrorum</span> <span class='ocrx_word' id='word_1_424' title='bbox 752 2580 897 2610; x_wconf 82' lang='lat' dir='ltr'>crimina</span> <span class='ocrx_word' id='word_1_425' title='bbox 915 2584 949 2610; x_wconf 85' lang='lat' dir='ltr'>et</span> <span class='ocrx_word' id='word_1_426' title='bbox 967 2589 1128 2610; x_wconf 80' lang='lat' dir='ltr'>excessus</span> <span class='ocrx_word' id='word_1_427' title='bbox 1145 2589 1207 2619; x_wconf 90' lang='lat' dir='ltr'>per</span> <span class='ocrx_word' id='word_1_428' title='bbox 1222 2589 1285 2609; x_wconf 83' lang='lat' dir='ltr'>nos</span> <span class='ocrx_word' id='word_1_429' title='bbox 1302 2579 1458 2617; x_wconf 72' lang='lat' dir='ltr'>legitime</span> <span class='ocrx_word' id='word_1_430' title='bbox 1469 2579 1686 2618; x_wconf 74' lang='lat' dir='ltr'>deputatum,</span> 
     </span>
     <span class='ocr_line' id='line_1_50' title="bbox 303 2623 1685 2662; baseline 0 -10"><span class='ocrx_word' id='word_1_431' title='bbox 303 2624 405 2653; x_wconf 77' lang='lat' dir='ltr'>fuerit</span> <span class='ocrx_word' id='word_1_432' title='bbox 427 2627 458 2653; x_wconf 87' lang='lat' dir='ltr'>et</span> <span class='ocrx_word' id='word_1_433' title='bbox 479 2625 521 2653; x_wconf 79' lang='lat' dir='ltr'>sit</span> <span class='ocrx_word' id='word_1_434' title='bbox 540 2625 606 2654; x_wconf 82' lang='lat' dir='ltr'>rite</span> <span class='ocrx_word' id='word_1_435' title='bbox 623 2632 657 2653; x_wconf 81' lang='lat' dir='ltr'>et</span> <span class='ocrx_word' id='word_1_436' title='bbox 676 2624 830 2661; x_wconf 61' lang='lat' dir='ltr'>legitime</span> <span class='ocrx_word' id='word_1_437' title='bbox 847 2624 1053 2659; x_wconf 69' lang='lat' dir='ltr'>declaratus,</span> <span class='ocrx_word' id='word_1_438' title='bbox 1068 2634 1107 2654; x_wconf 81' lang='lat' dir='ltr'>ae</span> <span class='ocrx_word' id='word_1_439' title='bbox 1125 2623 1376 2662; x_wconf 82' lang='lat' dir='ltr'>subsequenter</span> <span class='ocrx_word' id='word_1_440' title='bbox 1392 2623 1440 2653; x_wconf 81' lang='lat' dir='ltr'>sic</span> <span class='ocrx_word' id='word_1_441' title='bbox 1453 2623 1685 2653; x_wconf 87' lang='lat' dir='ltr'>excommuni-</span> 
     </span>
     <span class='ocr_line' id='line_1_51' title="bbox 305 2667 1688 2707; baseline 0.001 -11"><span class='ocrx_word' id='word_1_442' title='bbox 305 2675 402 2697; x_wconf 74' lang='lat' dir='ltr'>catus</span> <span class='ocrx_word' id='word_1_443' title='bbox 421 2668 554 2706; x_wconf 86' lang='lat' dir='ltr'>publice</span> <span class='ocrx_word' id='word_1_444' title='bbox 580 2669 784 2705; x_wconf 79' lang='lat' dir='ltr'>nunciatus3</span> <span class='ocrx_word' id='word_1_445' title='bbox 814 2678 957 2705; x_wconf 80' lang='lat' dir='ltr'>necnon,</span> <span class='ocrx_word' id='word_1_446' title='bbox 984 2668 1183 2707; x_wconf 83' lang='lat' dir='ltr'>hujusmodi</span> <span class='ocrx_word' id='word_1_447' title='bbox 1210 2667 1405 2704; x_wconf 78' lang='lat' dir='ltr'>Sentencia,</span> <span class='ocrx_word' id='word_1_448' title='bbox 1422 2670 1564 2706; x_wconf 86' lang='lat' dir='ltr'>propter</span> <span class='ocrx_word' id='word_1_449' title='bbox 1581 2667 1688 2706; x_wconf 81' lang='lat' dir='ltr'>ipsius</span> 
     </span>
     <span class='ocr_line' id='line_1_52' title="bbox 309 2710 1686 2751; baseline 0 -11"><span class='ocrx_word' id='word_1_450' title='bbox 309 2712 441 2741; x_wconf 65' lang='lat' dir='ltr'>niem-di</span> <span class='ocrx_word' id='word_1_451' title='bbox 461 2712 697 2741; x_wconf 74' lang='lat' dir='ltr'>coniuinacius</span> <span class='ocrx_word' id='word_1_452' title='bbox 723 2712 932 2751; x_wconf 78' lang='lat' dir='ltr'>multiplices</span> <span class='ocrx_word' id='word_1_453' title='bbox 954 2720 987 2741; x_wconf 84' lang='lat' dir='ltr'>et</span> <span class='ocrx_word' id='word_1_454' title='bbox 1013 2712 1173 2743; x_wconf 79' lang='lat' dir='ltr'>offensas.</span> <span class='ocrx_word' id='word_1_455' title='bbox 1191 2721 1252 2750; x_wconf 86' lang='lat' dir='ltr'>per</span> <span class='ocrx_word' id='word_1_456' title='bbox 1275 2711 1423 2741; x_wconf 85' lang='lat' dir='ltr'>eundem</span> <span class='ocrx_word' id='word_1_457' title='bbox 1450 2710 1686 2741; x_wconf 82' lang='lat' dir='ltr'>Presidentem</span> 
     </span>
     <span class='ocr_line' id='line_1_53' title="bbox 304 2754 1687 2795; baseline 0.001 -12"><span class='ocrx_word' id='word_1_458' title='bbox 304 2763 332 2783; x_wconf 70' lang='lat' dir='ltr'>ct</span> <span class='ocrx_word' id='word_1_459' title='bbox 357 2756 642 2785; x_wconf 76' lang='lat' dir='ltr'>Conunissurium</span> <span class='ocrx_word' id='word_1_460' title='bbox 668 2756 722 2790; x_wconf 69' lang='lat' dir='ltr'>sit,</span> <span class='ocrx_word' id='word_1_461' title='bbox 741 2757 892 2795; x_wconf 76' lang='lat' dir='ltr'>insuper,</span> <span class='ocrx_word' id='word_1_462' title='bbox 910 2759 1098 2795; x_wconf 59' lang='lat' dir='ltr'>aggravata</span> <span class='ocrx_word' id='word_1_463' title='bbox 1115 2770 1121 2792; x_wconf 88' lang='lat'>;</span> <span class='ocrx_word' id='word_1_464' title='bbox 1148 2756 1306 2794; x_wconf 79' lang='lat' dir='ltr'>idemque</span> <span class='ocrx_word' id='word_1_465' title='bbox 1333 2754 1500 2784; x_wconf 82' lang='lat' dir='ltr'>Ricardus</span> <span class='ocrx_word' id='word_1_466' title='bbox 1517 2754 1552 2783; x_wconf 91' lang='grc'>111</span> <span class='ocrx_word' id='word_1_467' title='bbox 1569 2754 1687 2794; x_wconf 85' lang='lat' dir='ltr'>hujus-</span> 
     </span>
     <span class='ocr_line' id='line_1_54' title="bbox 305 2798 1686 2838; baseline 0.001 -11"><span class='ocrx_word' id='word_1_468' title='bbox 305 2799 393 2828; x_wconf 75' lang='lat' dir='ltr'>modi</span> <span class='ocrx_word' id='word_1_469' title='bbox 415 2800 783 2829; x_wconf 46' lang='grc'>1110011111111111001-10111·</span> <span class='ocrx_word' id='word_1_470' title='bbox 810 2810 870 2838; x_wconf 84' lang='lat' dir='ltr'>per</span> <span class='ocrx_word' id='word_1_471' title='bbox 894 2800 924 2828; x_wconf 82' lang='lat' dir='ltr'>xl</span> <span class='ocrx_word' id='word_1_472' title='bbox 951 2800 1024 2829; x_wconf 87' lang='lat' dir='ltr'>dies</span> <span class='ocrx_word' id='word_1_473' title='bbox 1048 2803 1081 2829; x_wconf 88' lang='lat' dir='ltr'>et</span> <span class='ocrx_word' id='word_1_474' title='bbox 1107 2799 1256 2838; x_wconf 80' lang='lat' dir='ltr'>amplius</span> <span class='ocrx_word' id='word_1_475' title='bbox 1281 2798 1429 2835; x_wconf 87' lang='lat' dir='ltr'>steterit,</span> <span class='ocrx_word' id='word_1_476' title='bbox 1446 2807 1590 2838; x_wconf 87' lang='lat' dir='ltr'>eamque</span> <span class='ocrx_word' id='word_1_477' title='bbox 1615 2808 1686 2829; x_wconf 83' lang='lat' dir='ltr'>sus-</span> 
     </span>
     <span class='ocr_line' id='line_1_55' title="bbox 303 2841 1684 2881; baseline 0.001 -10"><span class='ocrx_word' id='word_1_478' title='bbox 303 2843 445 2872; x_wconf 87' lang='lat' dir='ltr'>tinuerit</span> <span class='ocrx_word' id='word_1_479' title='bbox 472 2844 587 2873; x_wconf 75' lang='lat' dir='ltr'>unimo</span> <span class='ocrx_word' id='word_1_480' title='bbox 612 2844 794 2880; x_wconf 77' lang='lat' dir='ltr'>indurat03</span> <span class='ocrx_word' id='word_1_481' title='bbox 824 2854 863 2873; x_wconf 83' lang='lat' dir='ltr'>ac</span> <span class='ocrx_word' id='word_1_482' title='bbox 890 2844 1043 2873; x_wconf 81' lang='lat' dir='ltr'>Ecclesia</span> <span class='ocrx_word' id='word_1_483' title='bbox 1075 2854 1142 2873; x_wconf 89' lang='lat' dir='ltr'>nou</span> <span class='ocrx_word' id='word_1_484' title='bbox 1175 2843 1301 2872; x_wconf 81' lang='lat' dir='ltr'>habeat</span> <span class='ocrx_word' id='word_1_485' title='bbox 1334 2842 1426 2871; x_wconf 82' lang='lat' dir='ltr'>ultra</span> <span class='ocrx_word' id='word_1_486' title='bbox 1449 2841 1531 2881; x_wconf 84' lang='lat' dir='ltr'>quid</span> <span class='ocrx_word' id='word_1_487' title='bbox 1556 2842 1684 2881; x_wconf 78' lang='lat' dir='ltr'>faciat3</span> 
     </span>
     <span class='ocr_line' id='line_1_56' title="bbox 305 2885 1688 2926; baseline 0.002 -10"><span class='ocrx_word' id='word_1_488' title='bbox 305 2886 418 2917; x_wconf 81' lang='lat' dir='ltr'>dictus</span> <span class='ocrx_word' id='word_1_489' title='bbox 445 2887 628 2917; x_wconf 80' lang='lat' dir='ltr'>Presidens</span> <span class='ocrx_word' id='word_1_490' title='bbox 651 2895 685 2917; x_wconf 88' lang='lat' dir='ltr'>et</span> <span class='ocrx_word' id='word_1_491' title='bbox 713 2887 981 2918; x_wconf 81' lang='lat' dir='ltr'>Commissarius</span> <span class='ocrx_word' id='word_1_492' title='bbox 1014 2893 1132 2917; x_wconf 82' lang='lat' dir='ltr'>noster</span> <span class='ocrx_word' id='word_1_493' title='bbox 1155 2887 1269 2926; x_wconf 86' lang='lat' dir='ltr'>ipsum</span> <span class='ocrx_word' id='word_1_494' title='bbox 1295 2885 1481 2916; x_wconf 80' lang='lat' dir='ltr'>Ricardum</span> <span class='ocrx_word' id='word_1_495' title='bbox 1506 2886 1551 2916; x_wconf 88' lang='lat' dir='ltr'>ad</span> <span class='ocrx_word' id='word_1_496' title='bbox 1574 2890 1688 2919; x_wconf 82' lang='lat' dir='ltr'>certos</span> 
     </span>
    </p>
   </div>
  </div>
 </body>
</html>
