<?xml version="1.0" encoding="UTF-8"?>
<!DOCTYPE html PUBLIC "-//W3C//DTD XHTML 1.0 Transitional//EN"
    "http://www.w3.org/TR/xhtml1/DTD/xhtml1-transitional.dtd">
<html xmlns="http://www.w3.org/1999/xhtml" xml:lang="en" lang="en">
 <head>
  <title>
</title>
<meta http-equiv="Content-Type" content="text/html;charset=utf-8" />
  <meta name='ocr-system' content='tesseract 3.04.00' />
  <meta name='ocr-capabilities' content='ocr_page ocr_carea ocr_par ocr_line ocrx_word'/>
</head>
<body>
  <div class='ocr_page' id='page_1' title='image "./registerofthomas02cathuoft_0069.png"; bbox 0 0 1907 3212; ppageno 0'>
   <div class='ocr_carea' id='block_1_1' title="bbox 201 424 307 516">
    <p class='ocr_par' dir='ltr' id='par_1_1' title="bbox 201 424 307 516">
     <span class='ocr_line' id='line_1_1' title="bbox 201 424 276 450; baseline 0.013 -1"><span class='ocrx_word' id='word_1_1' title='bbox 201 424 276 450; x_wconf 70' lang='lat' dir='ltr'>AD.</span> 
     </span>
     <span class='ocr_line' id='line_1_2' title="bbox 201 459 274 483; baseline 0 0"><span class='ocrx_word' id='word_1_2' title='bbox 201 459 274 483; x_wconf 78' lang='lat'>1385.</span> 
     </span>
     <span class='ocr_line' id='line_1_3' title="bbox 201 491 307 516; baseline -0.009 0"><span class='ocrx_word' id='word_1_3' title='bbox 201 491 261 516; x_wconf 79' lang='lat' dir='ltr'>Vol.</span> <span class='ocrx_word' id='word_1_4' title='bbox 288 491 307 516; x_wconf 86' lang='lat'>1.</span> 
     </span>
    </p>
   </div>
   <div class='ocr_carea' id='block_1_2' title="bbox 206 1748 322 1774">
    <p class='ocr_par' dir='ltr' id='par_1_2' title="bbox 206 1748 322 1774">
     <span class='ocr_line' id='line_1_4' title="bbox 206 1748 322 1774; baseline 0.009 -1"><span class='ocrx_word' id='word_1_5' title='bbox 206 1748 250 1774; x_wconf 83' lang='lat' dir='ltr'>sol.</span> <span class='ocrx_word' id='word_1_6' title='bbox 266 1750 322 1774; x_wconf 83' lang='lat'>145.</span> 
     </span>
    </p>
   </div>
   <div class='ocr_carea' id='block_1_3' title="bbox 512 308 1736 356">
    <p class='ocr_par' dir='ltr' id='par_1_3' title="bbox 512 308 1736 356">
     <span class='ocr_line' id='line_1_5' title="bbox 512 308 1736 356; baseline -0.004 0"><span class='ocrx_word' id='word_1_7' title='bbox 512 323 797 356; x_wconf 82' lang='lat' dir='ltr'>REGISTRUM</span> <span class='ocrx_word' id='word_1_8' title='bbox 835 321 1293 356; x_wconf 84' lang='lat' dir='ltr'>COMMUNE—ANNO</span> <span class='ocrx_word' id='word_1_9' title='bbox 1335 311 1426 355; x_wconf 84' lang='lat'>16⁰.</span> <span class='ocrx_word' id='word_1_10' title='bbox 1643 308 1736 353; x_wconf 78' lang='lat'>589</span> 
     </span>
    </p>
   </div>
   <div class='ocr_carea' id='block_1_4' title="bbox 355 423 1745 2311">
    <p class='ocr_par' dir='ltr' id='par_1_4' title="bbox 355 423 1745 2311">
     <span class='ocr_line' id='line_1_6' title="bbox 355 423 1738 467; baseline -0.004 -10"><span class='ocrx_word' id='word_1_11' title='bbox 355 426 534 457; x_wconf 79' lang='lat' dir='ltr'><strong>inhibetur</strong></span> <span class='ocrx_word' id='word_1_12' title='bbox 564 437 607 457; x_wconf 91' lang='lat' dir='ltr'>ne</span> <span class='ocrx_word' id='word_1_13' title='bbox 640 427 803 467; x_wconf 83' lang='lat' dir='ltr'>Religiosi</span> <span class='ocrx_word' id='word_1_14' title='bbox 844 426 1120 457; x_wconf 85' lang='lat' dir='ltr'>Mcndicancium</span> <span class='ocrx_word' id='word_1_15' title='bbox 1155 425 1322 456; x_wconf 87' lang='lat' dir='ltr'>Ordinum</span> <span class='ocrx_word' id='word_1_16' title='bbox 1356 425 1391 455; x_wconf 92' lang='lat' dir='ltr'>in</span> <span class='ocrx_word' id='word_1_17' title='bbox 1422 425 1537 464; x_wconf 87' lang='lat' dir='ltr'>aliqua</span> <span class='ocrx_word' id='word_1_18' title='bbox 1577 423 1738 459; x_wconf 80' lang='lat' dir='ltr'>Civitate,</span> 
     </span>
     <span class='ocr_line' id='line_1_7' title="bbox 357 467 1739 510; baseline -0.004 -9"><span class='ocrx_word' id='word_1_19' title='bbox 357 470 490 507; x_wconf 81' lang='lat' dir='ltr'>Castro,</span> <span class='ocrx_word' id='word_1_20' title='bbox 507 474 568 501; x_wconf 82' lang='lat' dir='ltr'>aut</span> <span class='ocrx_word' id='word_1_21' title='bbox 585 471 686 508; x_wconf 77' lang='lat' dir='ltr'>Villa,</span> <span class='ocrx_word' id='word_1_22' title='bbox 705 481 766 501; x_wconf 80' lang='lat' dir='ltr'>scu</span> <span class='ocrx_word' id='word_1_23' title='bbox 790 471 864 502; x_wconf 87' lang='lat' dir='ltr'>loco</span> <span class='ocrx_word' id='word_1_24' title='bbox 888 481 1114 510; x_wconf 85' lang='lat' dir='ltr'>quocumque,</span> <span class='ocrx_word' id='word_1_25' title='bbox 1132 470 1174 500; x_wconf 88' lang='lat' dir='ltr'>ad</span> <span class='ocrx_word' id='word_1_26' title='bbox 1200 470 1429 500; x_wconf 86' lang='lat' dir='ltr'>habitandum</span> <span class='ocrx_word' id='word_1_27' title='bbox 1455 469 1575 499; x_wconf 85' lang='lat' dir='ltr'>domos</span> <span class='ocrx_word' id='word_1_28' title='bbox 1592 468 1645 497; x_wconf 75' lang='lat' dir='ltr'>vel</span> <span class='ocrx_word' id='word_1_29' title='bbox 1664 467 1739 497; x_wconf 85' lang='lat' dir='ltr'>loca</span> 
     </span>
     <span class='ocr_line' id='line_1_8' title="bbox 355 511 1738 555; baseline -0.004 -10"><span class='ocrx_word' id='word_1_30' title='bbox 355 525 570 555; x_wconf 77' lang='lat' dir='ltr'>quecumque</span> <span class='ocrx_word' id='word_1_31' title='bbox 588 515 629 545; x_wconf 89' lang='lat' dir='ltr'>de</span> <span class='ocrx_word' id='word_1_32' title='bbox 647 525 735 545; x_wconf 84' lang='lat' dir='ltr'>novo</span> <span class='ocrx_word' id='word_1_33' title='bbox 752 516 905 554; x_wconf 88' lang='lat' dir='ltr'>recipere</span> <span class='ocrx_word' id='word_1_34' title='bbox 922 518 1125 554; x_wconf 83' lang='lat' dir='ltr'>presumant</span> <span class='ocrx_word' id='word_1_35' title='bbox 1142 514 1270 553; x_wconf 82' lang='lat' dir='ltr'>absque</span> <span class='ocrx_word' id='word_1_36' title='bbox 1287 513 1486 553; x_wconf 88' lang='lat' dir='ltr'>Apostolice</span> <span class='ocrx_word' id='word_1_37' title='bbox 1505 512 1603 542; x_wconf 80' lang='lat' dir='ltr'>Sedis</span> <span class='ocrx_word' id='word_1_38' title='bbox 1620 511 1738 541; x_wconf 89' lang='lat' dir='ltr'>Licen-</span> 
     </span>
     <span class='ocr_line' id='line_1_9' title="bbox 356 555 1737 599; baseline -0.004 -10"><span class='ocrx_word' id='word_1_39' title='bbox 356 559 409 589; x_wconf 83' lang='lat' dir='ltr'>cia</span> <span class='ocrx_word' id='word_1_40' title='bbox 433 559 583 599; x_wconf 83' lang='lat' dir='ltr'>speciali.</span> <span class='ocrx_word' id='word_1_41' title='bbox 608 559 760 590; x_wconf 72' lang='lat' dir='ltr'>faciente</span> <span class='ocrx_word' id='word_1_42' title='bbox 783 559 921 598; x_wconf 81' lang='lat' dir='ltr'>plenam</span> <span class='ocrx_word' id='word_1_43' title='bbox 946 562 981 589; x_wconf 84' lang='lat' dir='ltr'>et</span> <span class='ocrx_word' id='word_1_44' title='bbox 1005 568 1204 598; x_wconf 79' lang='lat' dir='ltr'>expressam</span> <span class='ocrx_word' id='word_1_45' title='bbox 1229 559 1270 588; x_wconf 89' lang='lat' dir='ltr'>de</span> <span class='ocrx_word' id='word_1_46' title='bbox 1295 557 1512 587; x_wconf 88' lang='lat' dir='ltr'>Inhibicione</span> <span class='ocrx_word' id='word_1_47' title='bbox 1537 555 1737 596; x_wconf 80' lang='lat' dir='ltr'>hujusmodi</span> 
     </span>
     <span class='ocr_line' id='line_1_10' title="bbox 357 601 1737 643; baseline -0.003 -10"><span class='ocrx_word' id='word_1_48' title='bbox 357 604 584 639; x_wconf 72' lang='lat' dir='ltr'>mencionem,</span> <span class='ocrx_word' id='word_1_49' title='bbox 601 607 635 633; x_wconf 86' lang='lat' dir='ltr'>ct</span> <span class='ocrx_word' id='word_1_50' title='bbox 653 603 806 643; x_wconf 83' lang='lat' dir='ltr'>qualibet</span> <span class='ocrx_word' id='word_1_51' title='bbox 824 604 891 633; x_wconf 84' lang='lat' dir='ltr'>alia</span> <span class='ocrx_word' id='word_1_52' title='bbox 909 603 1170 633; x_wconf 86' lang='lat' dir='ltr'>Constitucione</span> <span class='ocrx_word' id='word_1_53' title='bbox 1188 602 1389 641; x_wconf 81' lang='lat' dir='ltr'>Apostolica</span> <span class='ocrx_word' id='word_1_54' title='bbox 1412 601 1587 632; x_wconf 86' lang='lat' dir='ltr'>contraria</span> <span class='ocrx_word' id='word_1_55' title='bbox 1610 609 1737 639; x_wconf 83' lang='lat' dir='ltr'>nequa-</span> 
     </span>
     <span class='ocr_line' id='line_1_11' title="bbox 357 644 1737 687; baseline -0.003 -10"><span class='ocrx_word' id='word_1_56' title='bbox 357 657 461 687; x_wconf 86' lang='lat' dir='ltr'>quam</span> <span class='ocrx_word' id='word_1_57' title='bbox 478 647 649 685; x_wconf 86' lang='lat' dir='ltr'>obstante,</span> <span class='ocrx_word' id='word_1_58' title='bbox 667 648 804 687; x_wconf 80' lang='lat' dir='ltr'>plenam</span> <span class='ocrx_word' id='word_1_59' title='bbox 823 650 857 677; x_wconf 87' lang='lat' dir='ltr'>et</span> <span class='ocrx_word' id='word_1_60' title='bbox 882 647 1025 677; x_wconf 84' lang='lat' dir='ltr'>liberam</span> <span class='ocrx_word' id='word_1_61' title='bbox 1044 647 1264 677; x_wconf 85' lang='lat' dir='ltr'>Auctoritate</span> <span class='ocrx_word' id='word_1_62' title='bbox 1287 646 1489 685; x_wconf 84' lang='lat' dir='ltr'>Apostolica</span> <span class='ocrx_word' id='word_1_63' title='bbox 1514 648 1633 675; x_wconf 85' lang='lat' dir='ltr'>tenore</span> <span class='ocrx_word' id='word_1_64' title='bbox 1658 644 1737 674; x_wconf 92' lang='lat' dir='ltr'>Pre-</span> 
     </span>
     <span class='ocr_line' id='line_1_12' title="bbox 359 690 1738 730; baseline -0.002 -9"><span class='ocrx_word' id='word_1_65' title='bbox 359 692 513 722; x_wconf 89' lang='lat' dir='ltr'>sencium</span> <span class='ocrx_word' id='word_1_66' title='bbox 539 692 733 722; x_wconf 87' lang='lat' dir='ltr'>Licenciam</span> <span class='ocrx_word' id='word_1_67' title='bbox 759 692 959 730; x_wconf 75' lang='lat' dir='ltr'>elargimur.</span> <span class='ocrx_word' id='word_1_68' title='bbox 1005 691 1111 728; x_wconf 76' lang='lat' dir='ltr'>Nulli,</span> <span class='ocrx_word' id='word_1_69' title='bbox 1129 701 1220 730; x_wconf 81' lang='lat' dir='ltr'>ergo,</span> <span class='ocrx_word' id='word_1_70' title='bbox 1246 690 1387 720; x_wconf 89' lang='lat' dir='ltr'>omnino</span> <span class='ocrx_word' id='word_1_71' title='bbox 1412 690 1602 726; x_wconf 78' lang='lat' dir='ltr'>hominum,</span> <span class='ocrx_word' id='word_1_72' title='bbox 1627 691 1738 719; x_wconf 87' lang='lat' dir='ltr'>etc.—</span> 
     </span>
     <span class='ocr_line' id='line_1_13' title="bbox 358 732 1737 775; baseline -0.003 -10"><span class='ocrx_word' id='word_1_73' title='bbox 358 736 448 766; x_wconf 86' lang='lat' dir='ltr'>Data</span> <span class='ocrx_word' id='word_1_74' title='bbox 474 736 591 773; x_wconf 84' lang='lat' dir='ltr'>Rome,</span> <span class='ocrx_word' id='word_1_75' title='bbox 616 735 707 775; x_wconf 89' lang='lat' dir='ltr'>apud</span> <span class='ocrx_word' id='word_1_76' title='bbox 735 736 899 766; x_wconf 84' lang='lat' dir='ltr'>Sanctum</span> <span class='ocrx_word' id='word_1_77' title='bbox 924 735 1078 771; x_wconf 84' lang='lat' dir='ltr'>Petrum,</span> <span class='ocrx_word' id='word_1_78' title='bbox 1097 735 1247 765; x_wconf 89' lang='lat' dir='ltr'>secundo</span> <span class='ocrx_word' id='word_1_79' title='bbox 1272 734 1448 764; x_wconf 74' lang='lat' dir='ltr'>Kalendas</span> <span class='ocrx_word' id='word_1_80' title='bbox 1471 733 1578 771; x_wconf 83' lang='lat' dir='ltr'>Junii,</span> <span class='ocrx_word' id='word_1_81' title='bbox 1596 732 1737 762; x_wconf 87' lang='lat' dir='ltr'>Pontifi-</span> 
     </span>
     <span class='ocr_line' id='line_1_14' title="bbox 357 776 1738 819; baseline -0.002 -10"><span class='ocrx_word' id='word_1_82' title='bbox 357 785 456 809; x_wconf 87' lang='lat' dir='ltr'>catus</span> <span class='ocrx_word' id='word_1_83' title='bbox 472 780 581 809; x_wconf 80' lang='lat' dir='ltr'>nostri</span> <span class='ocrx_word' id='word_1_84' title='bbox 599 780 702 810; x_wconf 89' lang='lat' dir='ltr'>Anno</span> <span class='ocrx_word' id='word_1_85' title='bbox 719 782 842 819; x_wconf 88' lang='lat' dir='ltr'>quarto</span> <span class='ocrx_word' id='word_1_86' title='bbox 861 778 918 819; x_wconf 83' lang='lat'>[31</span> <span class='ocrx_word' id='word_1_87' title='bbox 936 780 1027 819; x_wconf 77' lang='lat' dir='ltr'>May,</span> <span class='ocrx_word' id='word_1_88' title='bbox 1040 777 1357 818; x_wconf 81' lang='lat' dir='ltr'>1381].—Quarum</span> <span class='ocrx_word' id='word_1_89' title='bbox 1376 778 1571 808; x_wconf 82' lang='lat' dir='ltr'>Literarum</span> <span class='ocrx_word' id='word_1_90' title='bbox 1590 776 1738 807; x_wconf 83' lang='lat' dir='ltr'>auctori-</span> 
     </span>
     <span class='ocr_line' id='line_1_15' title="bbox 357 820 1738 863; baseline -0.004 -9"><span class='ocrx_word' id='word_1_91' title='bbox 357 826 430 854; x_wconf 83' lang='lat' dir='ltr'>tate</span> <span class='ocrx_word' id='word_1_92' title='bbox 447 828 481 854; x_wconf 90' lang='lat' dir='ltr'>et</span> <span class='ocrx_word' id='word_1_93' title='bbox 500 824 627 863; x_wconf 78' lang='lat' dir='ltr'>vigore,</span> <span class='ocrx_word' id='word_1_94' title='bbox 645 824 785 863; x_wconf 88' lang='lat' dir='ltr'>quidam</span> <span class='ocrx_word' id='word_1_95' title='bbox 805 823 944 854; x_wconf 79' lang='lat' dir='ltr'>Fratres</span> <span class='ocrx_word' id='word_1_96' title='bbox 962 823 1203 853; x_wconf 88' lang='lat' dir='ltr'>Mendicantes</span> <span class='ocrx_word' id='word_1_97' title='bbox 1227 823 1268 852; x_wconf 89' lang='lat' dir='ltr'>de</span> <span class='ocrx_word' id='word_1_98' title='bbox 1287 822 1415 853; x_wconf 84' lang='lat' dir='ltr'>Ordine</span> <span class='ocrx_word' id='word_1_99' title='bbox 1441 822 1603 852; x_wconf 86' lang='lat' dir='ltr'>Fratrum</span> <span class='ocrx_word' id='word_1_100' title='bbox 1629 820 1738 850; x_wconf 92' lang='lat' dir='ltr'>Mino-</span> 
     </span>
     <span class='ocr_line' id='line_1_16' title="bbox 356 864 1738 907; baseline -0.003 -9"><span class='ocrx_word' id='word_1_101' title='bbox 356 878 444 905; x_wconf 87' lang='lat' dir='ltr'>rum,</span> <span class='ocrx_word' id='word_1_102' title='bbox 462 871 565 907; x_wconf 84' lang='lat' dir='ltr'>prout</span> <span class='ocrx_word' id='word_1_103' title='bbox 589 878 629 898; x_wconf 82' lang='lat' dir='ltr'>ex</span> <span class='ocrx_word' id='word_1_104' title='bbox 655 868 908 907; x_wconf 76' lang='lat' dir='ltr'>fidedignorum</span> <span class='ocrx_word' id='word_1_105' title='bbox 926 867 1127 897; x_wconf 87' lang='lat' dir='ltr'>testimonio</span> <span class='ocrx_word' id='word_1_106' title='bbox 1144 867 1351 906; x_wconf 88' lang='lat' dir='ltr'>accepimus,</span> <span class='ocrx_word' id='word_1_107' title='bbox 1369 867 1405 896; x_wconf 90' lang='lat' dir='ltr'>in</span> <span class='ocrx_word' id='word_1_108' title='bbox 1421 866 1571 905; x_wconf 83' lang='lat' dir='ltr'>quadam</span> <span class='ocrx_word' id='word_1_109' title='bbox 1588 865 1678 894; x_wconf 81' lang='lat' dir='ltr'>Villa</span> <span class='ocrx_word' id='word_1_110' title='bbox 1697 864 1738 894; x_wconf 87' lang='lat' dir='ltr'>de</span> 
     </span>
     <span class='ocr_line' id='line_1_17' title="bbox 357 909 1739 952; baseline -0.003 -10"><span class='ocrx_word' id='word_1_111' title='bbox 357 911 512 949; x_wconf 85' lang='lat' dir='ltr'>Suttone,</span> <span class='ocrx_word' id='word_1_112' title='bbox 541 912 639 952; x_wconf 82' lang='lat' dir='ltr'>juxta</span> <span class='ocrx_word' id='word_1_113' title='bbox 671 912 927 949; x_wconf 84' lang='lat' dir='ltr'>Plummouthe,</span> <span class='ocrx_word' id='word_1_114' title='bbox 956 911 1103 951; x_wconf 86' lang='lat' dir='ltr'>quedam</span> <span class='ocrx_word' id='word_1_115' title='bbox 1135 911 1209 941; x_wconf 85' lang='lat' dir='ltr'>loca</span> <span class='ocrx_word' id='word_1_116' title='bbox 1240 911 1284 940; x_wconf 88' lang='lat' dir='ltr'>ad</span> <span class='ocrx_word' id='word_1_117' title='bbox 1315 910 1544 940; x_wconf 81' lang='lat' dir='ltr'>habitandum</span> <span class='ocrx_word' id='word_1_118' title='bbox 1577 909 1618 939; x_wconf 89' lang='lat' dir='ltr'>de</span> <span class='ocrx_word' id='word_1_119' title='bbox 1650 918 1739 938; x_wconf 84' lang='lat' dir='ltr'>novo</span> 
     </span>
     <span class='ocr_line' id='line_1_18' title="bbox 356 953 1738 995; baseline -0.003 -9"><span class='ocrx_word' id='word_1_120' title='bbox 356 956 520 995; x_wconf 85' lang='lat' dir='ltr'>recipere,</span> <span class='ocrx_word' id='word_1_121' title='bbox 553 966 593 986; x_wconf 86' lang='lat' dir='ltr'>ac</span> <span class='ocrx_word' id='word_1_122' title='bbox 625 956 798 995; x_wconf 81' lang='lat' dir='ltr'>quandam</span> <span class='ocrx_word' id='word_1_123' title='bbox 832 956 983 986; x_wconf 86' lang='lat' dir='ltr'>Oratorii</span> <span class='ocrx_word' id='word_1_124' title='bbox 1016 956 1165 985; x_wconf 90' lang='lat' dir='ltr'>Domum</span> <span class='ocrx_word' id='word_1_125' title='bbox 1198 955 1241 985; x_wconf 83' lang='lat' dir='ltr'>ad</span> <span class='ocrx_word' id='word_1_126' title='bbox 1272 955 1518 985; x_wconf 84' lang='lat' dir='ltr'>celebrandum</span> <span class='ocrx_word' id='word_1_127' title='bbox 1551 953 1678 983; x_wconf 84' lang='lat' dir='ltr'>Divina</span> <span class='ocrx_word' id='word_1_128' title='bbox 1703 953 1738 982; x_wconf 89' lang='lat' dir='ltr'>in</span> 
     </span>
     <span class='ocr_line' id='line_1_19' title="bbox 357 997 1738 1039; baseline -0.002 -9"><span class='ocrx_word' id='word_1_129' title='bbox 357 1000 488 1037; x_wconf 87' lang='lat' dir='ltr'>eadem,</span> <span class='ocrx_word' id='word_1_130' title='bbox 506 1000 757 1039; x_wconf 84' lang='lat' dir='ltr'>nonnullasque</span> <span class='ocrx_word' id='word_1_131' title='bbox 789 1000 875 1030; x_wconf 80' lang='lat' dir='ltr'>alias</span> <span class='ocrx_word' id='word_1_132' title='bbox 906 1000 1026 1030; x_wconf 88' lang='lat' dir='ltr'>domos</span> <span class='ocrx_word' id='word_1_133' title='bbox 1058 1000 1093 1029; x_wconf 93' lang='lat' dir='ltr'>in</span> <span class='ocrx_word' id='word_1_134' title='bbox 1121 999 1241 1029; x_wconf 86' lang='lat' dir='ltr'>eadem</span> <span class='ocrx_word' id='word_1_135' title='bbox 1266 999 1358 1029; x_wconf 71' lang='lat' dir='ltr'>Vina</span> <span class='ocrx_word' id='word_1_136' title='bbox 1390 999 1434 1029; x_wconf 87' lang='lat' dir='ltr'>ad</span> <span class='ocrx_word' id='word_1_137' title='bbox 1458 997 1738 1034; x_wconf 77' lang='lat' dir='ltr'>inhabitandum,</span> 
     </span>
     <span class='ocr_line' id='line_1_20' title="bbox 357 1042 1738 1083; baseline -0.002 -9"><span class='ocrx_word' id='word_1_138' title='bbox 357 1043 486 1083; x_wconf 81' lang='lat' dir='ltr'>absque</span> <span class='ocrx_word' id='word_1_139' title='bbox 517 1045 647 1074; x_wconf 86' lang='lat' dir='ltr'>nostris</span> <span class='ocrx_word' id='word_1_140' title='bbox 678 1044 887 1074; x_wconf 82' lang='lat' dir='ltr'>auctoritate</span> <span class='ocrx_word' id='word_1_141' title='bbox 919 1050 953 1074; x_wconf 82' lang='lat' dir='ltr'>et</span> <span class='ocrx_word' id='word_1_142' title='bbox 985 1053 1155 1074; x_wconf 87' lang='lat' dir='ltr'>consensu</span> <span class='ocrx_word' id='word_1_143' title='bbox 1187 1043 1460 1082; x_wconf 87' lang='lat' dir='ltr'>quibuscumque</span> <span class='ocrx_word' id='word_1_144' title='bbox 1499 1052 1561 1072; x_wconf 85' lang='lat' dir='ltr'>seu</span> <span class='ocrx_word' id='word_1_145' title='bbox 1591 1042 1738 1071; x_wconf 86' lang='lat' dir='ltr'>aliorum</span> 
     </span>
     <span class='ocr_line' id='line_1_21' title="bbox 356 1086 1739 1128; baseline -0.002 -10"><span class='ocrx_word' id='word_1_146' title='bbox 356 1098 502 1128; x_wconf 86' lang='lat' dir='ltr'>quorum</span> <span class='ocrx_word' id='word_1_147' title='bbox 519 1088 665 1118; x_wconf 82' lang='lat' dir='ltr'>interest</span> <span class='ocrx_word' id='word_1_148' title='bbox 682 1088 717 1117; x_wconf 90' lang='grc'>111</span> <span class='ocrx_word' id='word_1_149' title='bbox 734 1088 799 1118; x_wconf 84' lang='lat' dir='ltr'>hac</span> <span class='ocrx_word' id='word_1_150' title='bbox 815 1090 924 1127; x_wconf 68' lang='lat' dir='ltr'>parte,</span> <span class='ocrx_word' id='word_1_151' title='bbox 939 1092 1020 1118; x_wconf 86' lang='lat' dir='ltr'>ante</span> <span class='ocrx_word' id='word_1_152' title='bbox 1036 1087 1336 1127; x_wconf 84' lang='lat' dir='ltr'>presentacionem</span> <span class='ocrx_word' id='word_1_153' title='bbox 1353 1087 1525 1117; x_wconf 87' lang='lat' dir='ltr'>dictarum</span> <span class='ocrx_word' id='word_1_154' title='bbox 1544 1086 1739 1116; x_wconf 87' lang='lat' dir='ltr'>Literarum</span> 
     </span>
     <span class='ocr_line' id='line_1_22' title="bbox 357 1130 1739 1169; baseline -0.001 -7"><span class='ocrx_word' id='word_1_155' title='bbox 357 1132 456 1162; x_wconf 82' lang='lat' dir='ltr'>nobis</span> <span class='ocrx_word' id='word_1_156' title='bbox 480 1132 712 1162; x_wconf 83' lang='lat' dir='ltr'>effectualiter</span> <span class='ocrx_word' id='word_1_157' title='bbox 735 1132 877 1169; x_wconf 79' lang='lat' dir='ltr'>factam,</span> <span class='ocrx_word' id='word_1_158' title='bbox 902 1132 1013 1162; x_wconf 84' lang='lat' dir='ltr'>eciam</span> <span class='ocrx_word' id='word_1_159' title='bbox 1038 1134 1159 1162; x_wconf 84' lang='lat' dir='ltr'>contra</span> <span class='ocrx_word' id='word_1_160' title='bbox 1183 1134 1341 1161; x_wconf 87' lang='lat' dir='ltr'>tenorem</span> <span class='ocrx_word' id='word_1_161' title='bbox 1365 1131 1564 1168; x_wconf 86' lang='lat' dir='ltr'>earundem,</span> <span class='ocrx_word' id='word_1_162' title='bbox 1583 1130 1625 1160; x_wconf 84' lang='grc'>(19</span> <span class='ocrx_word' id='word_1_163' title='bbox 1650 1140 1739 1160; x_wconf 82' lang='lat' dir='ltr'>novo</span> 
     </span>
     <span class='ocr_line' id='line_1_23' title="bbox 357 1174 1740 1215; baseline -0.001 -10"><span class='ocrx_word' id='word_1_164' title='bbox 357 1176 518 1206; x_wconf 87' lang='lat' dir='ltr'>edificare</span> <span class='ocrx_word' id='word_1_165' title='bbox 535 1179 665 1206; x_wconf 90' lang='lat' dir='ltr'>temere</span> <span class='ocrx_word' id='word_1_166' title='bbox 682 1179 969 1215; x_wconf 87' lang='lat' dir='ltr'>presumpserunt</span> <span class='ocrx_word' id='word_1_167' title='bbox 984 1190 991 1213; x_wconf 79' lang='lat'>3</span> <span class='ocrx_word' id='word_1_168' title='bbox 1016 1186 1160 1212; x_wconf 85' lang='lat' dir='ltr'>necnon,</span> <span class='ocrx_word' id='word_1_169' title='bbox 1179 1175 1369 1206; x_wconf 81' lang='lat' dir='ltr'>Ecclesiam</span> <span class='ocrx_word' id='word_1_170' title='bbox 1388 1178 1421 1205; x_wconf 91' lang='lat' dir='ltr'>et</span> <span class='ocrx_word' id='word_1_171' title='bbox 1439 1174 1644 1214; x_wconf 80' lang='lat' dir='ltr'>campanile,</span> <span class='ocrx_word' id='word_1_172' title='bbox 1662 1183 1740 1204; x_wconf 91' lang='lat' dir='ltr'>cum</span> 
     </span>
     <span class='ocr_line' id='line_1_24' title="bbox 357 1218 1741 1259; baseline -0.001 -9"><span class='ocrx_word' id='word_1_173' title='bbox 357 1230 525 1259; x_wconf 83' lang='lat' dir='ltr'>campana</span> <span class='ocrx_word' id='word_1_174' title='bbox 551 1230 591 1250; x_wconf 86' lang='lat' dir='ltr'>ac</span> <span class='ocrx_word' id='word_1_175' title='bbox 623 1221 748 1250; x_wconf 88' lang='lat' dir='ltr'>ceteris</span> <span class='ocrx_word' id='word_1_176' title='bbox 780 1220 939 1250; x_wconf 81' lang='lat' dir='ltr'>domibus</span> <span class='ocrx_word' id='word_1_177' title='bbox 971 1220 1015 1250; x_wconf 87' lang='lat' dir='ltr'>ad</span> <span class='ocrx_word' id='word_1_178' title='bbox 1040 1220 1319 1257; x_wconf 87' lang='lat' dir='ltr'>inhabitandum,</span> <span class='ocrx_word' id='word_1_179' title='bbox 1343 1219 1379 1249; x_wconf 90' lang='lat' dir='ltr'>in</span> <span class='ocrx_word' id='word_1_180' title='bbox 1408 1219 1547 1258; x_wconf 85' lang='lat' dir='ltr'>prefata</span> <span class='ocrx_word' id='word_1_181' title='bbox 1570 1218 1663 1248; x_wconf 85' lang='lat' dir='ltr'>Villa</span> <span class='ocrx_word' id='word_1_182' title='bbox 1699 1218 1741 1248; x_wconf 90' lang='lat' dir='ltr'>de</span> 
     </span>
     <span class='ocr_line' id='line_1_25' title="bbox 359 1262 1742 1304; baseline -0.001 -10"><span class='ocrx_word' id='word_1_183' title='bbox 359 1264 516 1301; x_wconf 74' lang='lat' dir='ltr'>Suttone,</span> <span class='ocrx_word' id='word_1_184' title='bbox 533 1264 633 1304; x_wconf 82' lang='lat' dir='ltr'>juxta</span> <span class='ocrx_word' id='word_1_185' title='bbox 650 1264 906 1304; x_wconf 77' lang='lat' dir='ltr'>Plymmouthe,</span> <span class='ocrx_word' id='word_1_186' title='bbox 925 1264 966 1294; x_wconf 87' lang='lat' dir='ltr'>de</span> <span class='ocrx_word' id='word_1_187' title='bbox 983 1274 1072 1294; x_wconf 77' lang='lat' dir='ltr'>novo</span> <span class='ocrx_word' id='word_1_188' title='bbox 1089 1264 1249 1294; x_wconf 88' lang='lat' dir='ltr'>edificare</span> <span class='ocrx_word' id='word_1_189' title='bbox 1266 1268 1301 1293; x_wconf 81' lang='lat' dir='ltr'>et</span> <span class='ocrx_word' id='word_1_190' title='bbox 1318 1266 1519 1294; x_wconf 85' lang='lat' dir='ltr'>construere</span> <span class='ocrx_word' id='word_1_191' title='bbox 1542 1262 1742 1299; x_wconf 75' lang='lat' dir='ltr'>intendunt,</span> 
     </span>
     <span class='ocr_line' id='line_1_26' title="bbox 358 1306 1741 1348; baseline -0.001 -10"><span class='ocrx_word' id='word_1_192' title='bbox 358 1311 397 1338; x_wconf 89' lang='lat' dir='ltr'>ut</span> <span class='ocrx_word' id='word_1_193' title='bbox 429 1309 566 1345; x_wconf 86' lang='lat' dir='ltr'>dicitur,</span> <span class='ocrx_word' id='word_1_194' title='bbox 595 1312 629 1339; x_wconf 88' lang='lat' dir='ltr'>et</span> <span class='ocrx_word' id='word_1_195' title='bbox 661 1311 858 1348; x_wconf 87' lang='lat' dir='ltr'>proponunt</span> <span class='ocrx_word' id='word_1_196' title='bbox 869 1322 876 1345; x_wconf 88' lang='lat'>;</span> <span class='ocrx_word' id='word_1_197' title='bbox 916 1308 952 1338; x_wconf 90' lang='lat' dir='ltr'>in</span> <span class='ocrx_word' id='word_1_198' title='bbox 982 1309 1070 1348; x_wconf 80' lang='lat' dir='ltr'>juris</span> <span class='ocrx_word' id='word_1_199' title='bbox 1100 1308 1237 1347; x_wconf 77' lang='lat' dir='ltr'>prefate</span> <span class='ocrx_word' id='word_1_200' title='bbox 1270 1308 1424 1344; x_wconf 79' lang='lat' dir='ltr'>Ecclesie</span> <span class='ocrx_word' id='word_1_201' title='bbox 1457 1306 1671 1337; x_wconf 83' lang='lat' dir='ltr'>Parocliialis</span> <span class='ocrx_word' id='word_1_202' title='bbox 1699 1307 1741 1337; x_wconf 89' lang='lat' dir='ltr'>de</span> 
     </span>
     <span class='ocr_line' id='line_1_27' title="bbox 360 1352 1742 1392; baseline -0.002 -9"><span class='ocrx_word' id='word_1_203' title='bbox 360 1352 516 1390; x_wconf 82' lang='lat' dir='ltr'>Suttone,</span> <span class='ocrx_word' id='word_1_204' title='bbox 535 1355 570 1383; x_wconf 87' lang='lat' dir='ltr'>et</span> <span class='ocrx_word' id='word_1_205' title='bbox 587 1352 733 1382; x_wconf 86' lang='lat' dir='ltr'>aliorum</span> <span class='ocrx_word' id='word_1_206' title='bbox 750 1352 913 1392; x_wconf 86' lang='lat' dir='ltr'>plurium⁷</span> <span class='ocrx_word' id='word_1_207' title='bbox 931 1352 1161 1392; x_wconf 82' lang='lat' dir='ltr'>prejudicium</span> <span class='ocrx_word' id='word_1_208' title='bbox 1188 1362 1257 1382; x_wconf 89' lang='lat' dir='ltr'>non</span> <span class='ocrx_word' id='word_1_209' title='bbox 1281 1352 1456 1382; x_wconf 86' lang='lat' dir='ltr'>modicum</span> <span class='ocrx_word' id='word_1_210' title='bbox 1481 1358 1515 1381; x_wconf 88' lang='lat' dir='ltr'>et</span> <span class='ocrx_word' id='word_1_211' title='bbox 1541 1360 1742 1390; x_wconf 77' lang='lat' dir='ltr'>gravamen.</span> 
     </span>
     <span class='ocr_line' id='line_1_28' title="bbox 357 1394 1744 1437; baseline -0.002 -10"><span class='ocrx_word' id='word_1_212' title='bbox 357 1397 534 1433; x_wconf 71' lang='lat' dir='ltr'>Volentes,</span> <span class='ocrx_word' id='word_1_213' title='bbox 552 1397 670 1435; x_wconf 78' lang='lat' dir='ltr'>igitur,</span> <span class='ocrx_word' id='word_1_214' title='bbox 686 1397 765 1437; x_wconf 82' lang='lat' dir='ltr'>jura</span> <span class='ocrx_word' id='word_1_215' title='bbox 782 1406 1078 1436; x_wconf 88' lang='lat' dir='ltr'>quorumcumque</span> <span class='ocrx_word' id='word_1_216' title='bbox 1095 1396 1191 1426; x_wconf 89' lang='lat' dir='ltr'>illesa</span> <span class='ocrx_word' id='word_1_217' title='bbox 1209 1406 1271 1435; x_wconf 90' lang='lat' dir='ltr'>per</span> <span class='ocrx_word' id='word_1_218' title='bbox 1287 1396 1403 1426; x_wconf 82' lang='lat' dir='ltr'>onmia</span> <span class='ocrx_word' id='word_1_219' title='bbox 1420 1395 1628 1432; x_wconf 74' lang='lat' dir='ltr'>conservari,</span> <span class='ocrx_word' id='word_1_220' title='bbox 1645 1394 1744 1425; x_wconf 76' lang='lat' dir='ltr'>vobis</span> 
     </span>
     <span class='ocr_line' id='line_1_29' title="bbox 357 1439 1743 1480; baseline -0.001 -9"><span class='ocrx_word' id='word_1_221' title='bbox 357 1441 611 1471; x_wconf 79' lang='lat' dir='ltr'>committimus</span> <span class='ocrx_word' id='word_1_222' title='bbox 627 1444 662 1471; x_wconf 87' lang='lat' dir='ltr'>et</span> <span class='ocrx_word' id='word_1_223' title='bbox 679 1441 887 1471; x_wconf 83' lang='lat' dir='ltr'>mandamus</span> <span class='ocrx_word' id='word_1_224' title='bbox 904 1441 1068 1480; x_wconf 87' lang='lat' dir='ltr'>quatinus</span> <span class='ocrx_word' id='word_1_225' title='bbox 1092 1440 1128 1470; x_wconf 90' lang='lat' dir='ltr'>in</span> <span class='ocrx_word' id='word_1_226' title='bbox 1154 1440 1308 1470; x_wconf 82' lang='lat' dir='ltr'>Ecclesia</span> <span class='ocrx_word' id='word_1_227' title='bbox 1332 1445 1453 1470; x_wconf 86' lang='lat' dir='ltr'>nostra</span> <span class='ocrx_word' id='word_1_228' title='bbox 1478 1439 1679 1470; x_wconf 85' lang='lat' dir='ltr'>Cathedrali</span> <span class='ocrx_word' id='word_1_229' title='bbox 1703 1449 1743 1469; x_wconf 84' lang='lat' dir='ltr'>ac</span> 
     </span>
     <span class='ocr_line' id='line_1_30' title="bbox 359 1483 1744 1524; baseline -0.001 -9"><span class='ocrx_word' id='word_1_230' title='bbox 359 1485 513 1516; x_wconf 84' lang='lat' dir='ltr'>Ecclesia</span> <span class='ocrx_word' id='word_1_231' title='bbox 542 1485 583 1515; x_wconf 89' lang='lat' dir='ltr'>de</span> <span class='ocrx_word' id='word_1_232' title='bbox 613 1485 760 1515; x_wconf 81' lang='lat' dir='ltr'>Suttone</span> <span class='ocrx_word' id='word_1_233' title='bbox 787 1485 954 1524; x_wconf 74' lang='lat' dir='ltr'>predicta,</span> <span class='ocrx_word' id='word_1_234' title='bbox 982 1494 1117 1515; x_wconf 86' lang='lat' dir='ltr'>necnon</span> <span class='ocrx_word' id='word_1_235' title='bbox 1151 1484 1301 1524; x_wconf 83' lang='lat' dir='ltr'>Capellis</span> <span class='ocrx_word' id='word_1_236' title='bbox 1335 1484 1541 1514; x_wconf 80' lang='lat' dir='ltr'>Sanctorum</span> <span class='ocrx_word' id='word_1_237' title='bbox 1576 1483 1683 1513; x_wconf 88' lang='lat' dir='ltr'>Marie</span> <span class='ocrx_word' id='word_1_238' title='bbox 1709 1485 1744 1513; x_wconf 83' lang='lat' dir='ltr'>et</span> 
     </span>
     <span class='ocr_line' id='line_1_31' title="bbox 359 1527 1744 1569; baseline -0.001 -10"><span class='ocrx_word' id='word_1_239' title='bbox 359 1529 488 1560; x_wconf 89' lang='lat' dir='ltr'>Thome</span> <span class='ocrx_word' id='word_1_240' title='bbox 506 1529 547 1559; x_wconf 90' lang='grc'>(19</span> <span class='ocrx_word' id='word_1_241' title='bbox 564 1529 784 1569; x_wconf 63' lang='lat' dir='ltr'>PLwnptone,</span> <span class='ocrx_word' id='word_1_242' title='bbox 802 1529 946 1568; x_wconf 86' lang='lat' dir='ltr'>aliisque</span> <span class='ocrx_word' id='word_1_243' title='bbox 972 1529 1137 1559; x_wconf 87' lang='lat' dir='ltr'>Eeclesiis</span> <span class='ocrx_word' id='word_1_244' title='bbox 1161 1535 1195 1559; x_wconf 84' lang='lat' dir='ltr'>et</span> <span class='ocrx_word' id='word_1_245' title='bbox 1221 1528 1371 1568; x_wconf 86' lang='lat' dir='ltr'>Capellis</span> <span class='ocrx_word' id='word_1_246' title='bbox 1396 1527 1657 1558; x_wconf 84' lang='lat' dir='ltr'>Parochialibus</span> <span class='ocrx_word' id='word_1_247' title='bbox 1681 1527 1744 1557; x_wconf 88' lang='lat' dir='ltr'>cir-</span> 
     </span>
     <span class='ocr_line' id='line_1_32' title="bbox 359 1572 1744 1613; baseline -0.002 -9"><span class='ocrx_word' id='word_1_248' title='bbox 359 1583 574 1613; x_wconf 83' lang='lat' dir='ltr'>cumquaque</span> <span class='ocrx_word' id='word_1_249' title='bbox 590 1574 724 1611; x_wconf 66' lang='lat' dir='ltr'>vicinis,</span> <span class='ocrx_word' id='word_1_250' title='bbox 742 1573 801 1603; x_wconf 91' lang='lat' dir='ltr'>ubi</span> <span class='ocrx_word' id='word_1_251' title='bbox 818 1574 930 1612; x_wconf 68' lang='lat' dir='ltr'>magis</span> <span class='ocrx_word' id='word_1_252' title='bbox 946 1573 1122 1603; x_wconf 72' lang='lat' dir='ltr'>videbitur</span> <span class='ocrx_word' id='word_1_253' title='bbox 1138 1573 1309 1612; x_wconf 76' lang='lat' dir='ltr'>expedire,</span> <span class='ocrx_word' id='word_1_254' title='bbox 1327 1583 1389 1613; x_wconf 89' lang='lat' dir='ltr'>per</span> <span class='ocrx_word' id='word_1_255' title='bbox 1404 1583 1465 1603; x_wconf 78' lang='lat' dir='ltr'>vos</span> <span class='ocrx_word' id='word_1_256' title='bbox 1481 1574 1541 1602; x_wconf 85' lang='lat' dir='ltr'>aut</span> <span class='ocrx_word' id='word_1_257' title='bbox 1566 1572 1652 1602; x_wconf 81' lang='lat' dir='ltr'>alios</span> <span class='ocrx_word' id='word_1_258' title='bbox 1667 1581 1744 1611; x_wconf 89' lang='lat' dir='ltr'>pro-</span> 
     </span>
     <span class='ocr_line' id='line_1_33' title="bbox 359 1616 1744 1657; baseline -0.002 -9"><span class='ocrx_word' id='word_1_259' title='bbox 359 1618 607 1648; x_wconf 85' lang='lat' dir='ltr'>clamacionem</span> <span class='ocrx_word' id='word_1_260' title='bbox 634 1618 772 1648; x_wconf 84' lang='lat' dir='ltr'>faciatis</span> <span class='ocrx_word' id='word_1_261' title='bbox 799 1617 974 1657; x_wconf 85' lang='lat' dir='ltr'>publicam</span> <span class='ocrx_word' id='word_1_262' title='bbox 1001 1620 1035 1647; x_wconf 88' lang='lat' dir='ltr'>et</span> <span class='ocrx_word' id='word_1_263' title='bbox 1058 1617 1271 1656; x_wconf 83' lang='lat' dir='ltr'>solempnem</span> <span class='ocrx_word' id='word_1_264' title='bbox 1297 1617 1387 1656; x_wconf 82' lang='lat' dir='ltr'>quod</span> <span class='ocrx_word' id='word_1_265' title='bbox 1411 1626 1532 1647; x_wconf 89' lang='lat' dir='ltr'>omnes</span> <span class='ocrx_word' id='word_1_266' title='bbox 1556 1618 1591 1646; x_wconf 87' lang='lat' dir='ltr'>et</span> <span class='ocrx_word' id='word_1_267' title='bbox 1616 1616 1744 1655; x_wconf 78' lang='lat' dir='ltr'>singuli</span> 
     </span>
     <span class='ocr_line' id='line_1_34' title="bbox 359 1661 1744 1701; baseline -0.001 -9"><span class='ocrx_word' id='word_1_268' title='bbox 359 1662 514 1692; x_wconf 74' lang='lat' dir='ltr'>volentes</span> <span class='ocrx_word' id='word_1_269' title='bbox 531 1664 565 1692; x_wconf 84' lang='lat' dir='ltr'>et</span> <span class='ocrx_word' id='word_1_270' title='bbox 583 1662 739 1692; x_wconf 76' lang='lat' dir='ltr'>valentes</span> <span class='ocrx_word' id='word_1_271' title='bbox 756 1662 791 1691; x_wconf 89' lang='lat' dir='ltr'>in</span> <span class='ocrx_word' id='word_1_272' title='bbox 816 1662 880 1692; x_wconf 85' lang='lat' dir='ltr'>hac</span> <span class='ocrx_word' id='word_1_273' title='bbox 904 1665 1004 1701; x_wconf 88' lang='lat' dir='ltr'>parte</span> <span class='ocrx_word' id='word_1_274' title='bbox 1029 1661 1159 1701; x_wconf 87' lang='lat' dir='ltr'>aliquid</span> <span class='ocrx_word' id='word_1_275' title='bbox 1182 1662 1388 1700; x_wconf 86' lang='lat' dir='ltr'>pretendere</span> <span class='ocrx_word' id='word_1_276' title='bbox 1413 1661 1592 1695; x_wconf 76' lang='lat' dir='ltr'>interesse,</span> <span class='ocrx_word' id='word_1_277' title='bbox 1610 1663 1644 1690; x_wconf 90' lang='lat' dir='ltr'>et</span> <span class='ocrx_word' id='word_1_278' title='bbox 1669 1669 1744 1700; x_wconf 88' lang='lat' dir='ltr'>pre-</span> 
     </span>
     <span class='ocr_line' id='line_1_35' title="bbox 359 1705 1745 1745; baseline -0.002 -9"><span class='ocrx_word' id='word_1_279' title='bbox 359 1706 480 1737; x_wconf 79' lang='lat' dir='ltr'>sertim</span> <span class='ocrx_word' id='word_1_280' title='bbox 508 1707 599 1745; x_wconf 80' lang='lat' dir='ltr'>quod</span> <span class='ocrx_word' id='word_1_281' title='bbox 626 1706 898 1736; x_wconf 87' lang='lat' dir='ltr'>Archidiaconus</span> <span class='ocrx_word' id='word_1_282' title='bbox 922 1707 1041 1736; x_wconf 86' lang='lat' dir='ltr'>noster</span> <span class='ocrx_word' id='word_1_283' title='bbox 1065 1706 1237 1743; x_wconf 86' lang='lat' dir='ltr'>Tottonie,</span> <span class='ocrx_word' id='word_1_284' title='bbox 1266 1706 1301 1735; x_wconf 94' lang='lat' dir='ltr'>in</span> <span class='ocrx_word' id='word_1_285' title='bbox 1326 1705 1425 1745; x_wconf 80' lang='lat' dir='ltr'>cujus</span> <span class='ocrx_word' id='word_1_286' title='bbox 1450 1705 1745 1735; x_wconf 84' lang='lat' dir='ltr'>Archidiaconatu</span> 
     </span>
     <span class='ocr_line' id='line_1_36' title="bbox 361 1749 1744 1790; baseline -0.002 -9"><span class='ocrx_word' id='word_1_287' title='bbox 361 1751 454 1781; x_wconf 85' lang='lat' dir='ltr'>dicta</span> <span class='ocrx_word' id='word_1_288' title='bbox 480 1750 570 1781; x_wconf 75' lang='lat' dir='ltr'>Villa</span> <span class='ocrx_word' id='word_1_289' title='bbox 604 1751 645 1780; x_wconf 89' lang='grc'>(19</span> <span class='ocrx_word' id='word_1_290' title='bbox 679 1750 826 1780; x_wconf 82' lang='lat' dir='ltr'>Suttone</span> <span class='ocrx_word' id='word_1_291' title='bbox 857 1750 957 1790; x_wconf 79' lang='lat' dir='ltr'>juxta</span> <span class='ocrx_word' id='word_1_292' title='bbox 983 1750 1229 1779; x_wconf 82' lang='lat' dir='ltr'>Plummouthe</span> <span class='ocrx_word' id='word_1_293' title='bbox 1257 1759 1332 1779; x_wconf 90' lang='lat' dir='ltr'>esse</span> <span class='ocrx_word' id='word_1_294' title='bbox 1356 1749 1549 1779; x_wconf 85' lang='lat' dir='ltr'>dinoscitur</span> <span class='ocrx_word' id='word_1_295' title='bbox 1565 1749 1744 1784; x_wconf 73' lang='lat' dir='ltr'>collocata,</span> 
     </span>
     <span class='ocr_line' id='line_1_37' title="bbox 358 1792 1744 1834; baseline -0.001 -10"><span class='ocrx_word' id='word_1_296' title='bbox 358 1805 493 1825; x_wconf 86' lang='lat' dir='ltr'>necnon</span> <span class='ocrx_word' id='word_1_297' title='bbox 510 1795 609 1824; x_wconf 88' lang='lat' dir='ltr'>Prior</span> <span class='ocrx_word' id='word_1_298' title='bbox 625 1797 660 1825; x_wconf 84' lang='lat' dir='ltr'>et</span> <span class='ocrx_word' id='word_1_299' title='bbox 677 1794 878 1825; x_wconf 73' lang='lat' dir='ltr'>Conventus</span> <span class='ocrx_word' id='word_1_300' title='bbox 896 1794 1127 1834; x_wconf 70' lang='lat' dir='ltr'>Plymptonie,</span> <span class='ocrx_word' id='word_1_301' title='bbox 1138 1794 1313 1833; x_wconf 78' lang='lat' dir='ltr'>prefatam</span> <span class='ocrx_word' id='word_1_302' title='bbox 1328 1794 1519 1824; x_wconf 86' lang='lat' dir='ltr'>Ecclesiam</span> <span class='ocrx_word' id='word_1_303' title='bbox 1537 1793 1578 1823; x_wconf 90' lang='lat' dir='ltr'>de</span> <span class='ocrx_word' id='word_1_304' title='bbox 1599 1792 1744 1822; x_wconf 83' lang='lat' dir='ltr'>Suttone</span> 
     </span>
     <span class='ocr_line' id='line_1_38' title="bbox 359 1836 1744 1878; baseline -0.001 -9"><span class='ocrx_word' id='word_1_305' title='bbox 359 1840 395 1869; x_wconf 88' lang='lat' dir='ltr'>in</span> <span class='ocrx_word' id='word_1_306' title='bbox 419 1839 575 1878; x_wconf 88' lang='lat' dir='ltr'>proprios</span> <span class='ocrx_word' id='word_1_307' title='bbox 600 1849 693 1871; x_wconf 82' lang='lat' dir='ltr'>usus.</span> <span class='ocrx_word' id='word_1_308' title='bbox 712 1839 807 1869; x_wconf 82' lang='lat' dir='ltr'>salva</span> <span class='ocrx_word' id='word_1_309' title='bbox 824 1839 991 1868; x_wconf 88' lang='lat' dir='ltr'>Porcione</span> <span class='ocrx_word' id='word_1_310' title='bbox 1008 1838 1138 1868; x_wconf 70' lang='lat' dir='ltr'>Vicarii</span> <span class='ocrx_word' id='word_1_311' title='bbox 1164 1838 1328 1877; x_wconf 84' lang='lat' dir='ltr'>Perpetui</span> <span class='ocrx_word' id='word_1_312' title='bbox 1352 1838 1387 1867; x_wconf 90' lang='lat' dir='ltr'>in</span> <span class='ocrx_word' id='word_1_313' title='bbox 1413 1838 1544 1875; x_wconf 68' lang='lat' dir='ltr'>cadem,</span> <span class='ocrx_word' id='word_1_314' title='bbox 1571 1836 1744 1867; x_wconf 84' lang='lat' dir='ltr'>Canonice</span> 
     </span>
     <span class='ocr_line' id='line_1_39' title="bbox 358 1882 1744 1923; baseline -0.002 -10"><span class='ocrx_word' id='word_1_315' title='bbox 358 1884 566 1923; x_wconf 86' lang='lat' dir='ltr'>optinentes,</span> <span class='ocrx_word' id='word_1_316' title='bbox 595 1893 634 1913; x_wconf 88' lang='lat' dir='ltr'>ac</span> <span class='ocrx_word' id='word_1_317' title='bbox 659 1883 816 1923; x_wconf 85' lang='lat' dir='ltr'>ejusdem</span> <span class='ocrx_word' id='word_1_318' title='bbox 842 1883 995 1913; x_wconf 86' lang='lat' dir='ltr'>Ecclesie</span> <span class='ocrx_word' id='word_1_319' title='bbox 1020 1882 1189 1918; x_wconf 70' lang='lat' dir='ltr'>Vicarius,</span> <span class='ocrx_word' id='word_1_320' title='bbox 1215 1884 1449 1921; x_wconf 80' lang='lat' dir='ltr'>compareant,</span> <span class='ocrx_word' id='word_1_321' title='bbox 1478 1889 1511 1911; x_wconf 90' lang='lat' dir='ltr'>et</span> <span class='ocrx_word' id='word_1_322' title='bbox 1544 1887 1744 1920; x_wconf 80' lang='lat' dir='ltr'>compareat</span> 
     </span>
     <span class='ocr_line' id='line_1_40' title="bbox 358 1925 1742 1967; baseline -0.001 -11"><span class='ocrx_word' id='word_1_323' title='bbox 358 1927 503 1967; x_wconf 85' lang='lat' dir='ltr'>quilibet</span> <span class='ocrx_word' id='word_1_324' title='bbox 527 1927 726 1964; x_wconf 70' lang='lat' dir='ltr'>eorundem,</span> <span class='ocrx_word' id='word_1_325' title='bbox 745 1937 860 1957; x_wconf 83' lang='lat' dir='ltr'>coram</span> <span class='ocrx_word' id='word_1_326' title='bbox 878 1927 985 1963; x_wconf 68' lang='lat' dir='ltr'>vobis,</span> <span class='ocrx_word' id='word_1_327' title='bbox 1003 1927 1039 1956; x_wconf 91' lang='grc'>111</span> <span class='ocrx_word' id='word_1_328' title='bbox 1057 1926 1211 1956; x_wconf 81' lang='lat' dir='ltr'>Ecclesia</span> <span class='ocrx_word' id='word_1_329' title='bbox 1224 1931 1343 1956; x_wconf 84' lang='lat' dir='ltr'>nostra</span> <span class='ocrx_word' id='word_1_330' title='bbox 1358 1925 1558 1956; x_wconf 87' lang='lat' dir='ltr'>Cathcdrali</span> <span class='ocrx_word' id='word_1_331' title='bbox 1576 1925 1742 1964; x_wconf 82' lang='lat' dir='ltr'>predicta,</span> 
     </span>
     <span class='ocr_line' id='line_1_41' title="bbox 358 1970 1743 2010; baseline -0.002 -9"><span class='ocrx_word' id='word_1_332' title='bbox 358 1976 453 2002; x_wconf 84' lang='lat' dir='ltr'>certo</span> <span class='ocrx_word' id='word_1_333' title='bbox 469 1972 619 2002; x_wconf 88' lang='lat' dir='ltr'>termino</span> <span class='ocrx_word' id='word_1_334' title='bbox 636 1971 847 2010; x_wconf 81' lang='lat' dir='ltr'>competenti</span> <span class='ocrx_word' id='word_1_335' title='bbox 870 1981 932 2010; x_wconf 88' lang='lat' dir='ltr'>per</span> <span class='ocrx_word' id='word_1_336' title='bbox 948 1980 1008 2000; x_wconf 74' lang='lat' dir='ltr'>vos</span> <span class='ocrx_word' id='word_1_337' title='bbox 1032 1970 1163 2000; x_wconf 84' lang='lat' dir='ltr'>eisdem</span> <span class='ocrx_word' id='word_1_338' title='bbox 1180 1970 1400 2009; x_wconf 83' lang='lat' dir='ltr'>assignando,</span> <span class='ocrx_word' id='word_1_339' title='bbox 1419 1980 1519 2000; x_wconf 89' lang='lat' dir='ltr'>suum</span> <span class='ocrx_word' id='word_1_340' title='bbox 1544 1970 1743 2009; x_wconf 84' lang='lat' dir='ltr'>hujusmodi</span> 
     </span>
     <span class='ocr_line' id='line_1_42' title="bbox 358 2013 1743 2055; baseline -0.002 -9"><span class='ocrx_word' id='word_1_341' title='bbox 358 2016 538 2053; x_wconf 72' lang='lat' dir='ltr'>interesse,</span> <span class='ocrx_word' id='word_1_342' title='bbox 563 2018 598 2046; x_wconf 88' lang='lat' dir='ltr'>et</span> <span class='ocrx_word' id='word_1_343' title='bbox 625 2025 730 2055; x_wconf 83' lang='lat' dir='ltr'>quare</span> <span class='ocrx_word' id='word_1_344' title='bbox 754 2015 931 2045; x_wconf 87' lang='lat' dir='ltr'>edificacio</span> <span class='ocrx_word' id='word_1_345' title='bbox 956 2015 1156 2054; x_wconf 88' lang='lat' dir='ltr'>supradicta</span> <span class='ocrx_word' id='word_1_346' title='bbox 1179 2015 1365 2053; x_wconf 85' lang='lat' dir='ltr'>procedere</span> <span class='ocrx_word' id='word_1_347' title='bbox 1383 2021 1417 2044; x_wconf 78' lang='lat' dir='ltr'>et</span> <span class='ocrx_word' id='word_1_348' title='bbox 1435 2014 1509 2044; x_wconf 86' lang='lat' dir='ltr'>fieri</span> <span class='ocrx_word' id='word_1_349' title='bbox 1527 2024 1596 2044; x_wconf 92' lang='lat' dir='ltr'>non</span> <span class='ocrx_word' id='word_1_350' title='bbox 1620 2013 1743 2044; x_wconf 85' lang='lat' dir='ltr'>debeat</span> 
     </span>
     <span class='ocr_line' id='line_1_43' title="bbox 359 2058 1743 2099; baseline -0.001 -9"><span class='ocrx_word' id='word_1_351' title='bbox 359 2060 570 2099; x_wconf 86' lang='lat' dir='ltr'>proposituri</span> <span class='ocrx_word' id='word_1_352' title='bbox 602 2060 637 2089; x_wconf 91' lang='lat' dir='ltr'>in</span> <span class='ocrx_word' id='word_1_353' title='bbox 670 2059 787 2089; x_wconf 86' lang='lat' dir='ltr'>debita</span> <span class='ocrx_word' id='word_1_354' title='bbox 814 2059 902 2099; x_wconf 84' lang='lat' dir='ltr'>juris</span> <span class='ocrx_word' id='word_1_355' title='bbox 926 2058 1048 2089; x_wconf 84' lang='lat' dir='ltr'>forma.</span> <span class='ocrx_word' id='word_1_356' title='bbox 1074 2058 1280 2098; x_wconf 84' lang='lat' dir='ltr'>facturiquc,</span> <span class='ocrx_word' id='word_1_357' title='bbox 1304 2061 1370 2089; x_wconf 87' lang='lat' dir='ltr'>etc.</span> <span class='ocrx_word' id='word_1_358' title='bbox 1410 2059 1460 2089; x_wconf 90' lang='lat' dir='ltr'>Dc</span> <span class='ocrx_word' id='word_1_359' title='bbox 1485 2058 1550 2096; x_wconf 85' lang='lat' dir='ltr'>die,</span> <span class='ocrx_word' id='word_1_360' title='bbox 1575 2068 1667 2095; x_wconf 82' lang='lat' dir='ltr'>vero,</span> <span class='ocrx_word' id='word_1_361' title='bbox 1692 2068 1743 2088; x_wconf 90' lang='lat' dir='ltr'>re-</span> 
     </span>
     <span class='ocr_line' id='line_1_44' title="bbox 360 2102 1744 2143; baseline -0.001 -9"><span class='ocrx_word' id='word_1_362' title='bbox 360 2104 533 2143; x_wconf 87' lang='lat' dir='ltr'>cepcionis</span> <span class='ocrx_word' id='word_1_363' title='bbox 557 2104 791 2140; x_wconf 81' lang='lat' dir='ltr'>Presencium,</span> <span class='ocrx_word' id='word_1_364' title='bbox 809 2113 848 2133; x_wconf 92' lang='lat' dir='ltr'>ac</span> <span class='ocrx_word' id='word_1_365' title='bbox 874 2103 915 2132; x_wconf 89' lang='lat' dir='ltr'>de</span> <span class='ocrx_word' id='word_1_366' title='bbox 940 2103 1033 2132; x_wconf 89' lang='lat' dir='ltr'>omni</span> <span class='ocrx_word' id='word_1_367' title='bbox 1058 2112 1098 2133; x_wconf 89' lang='lat' dir='ltr'>eo</span> <span class='ocrx_word' id='word_1_368' title='bbox 1123 2103 1213 2142; x_wconf 86' lang='lat' dir='ltr'>quod</span> <span class='ocrx_word' id='word_1_369' title='bbox 1232 2102 1388 2133; x_wconf 85' lang='lat' dir='ltr'>feceritis</span> <span class='ocrx_word' id='word_1_370' title='bbox 1404 2103 1439 2132; x_wconf 90' lang='lat' dir='ltr'>in</span> <span class='ocrx_word' id='word_1_371' title='bbox 1463 2102 1653 2142; x_wconf 85' lang='lat' dir='ltr'>premissis,</span> <span class='ocrx_word' id='word_1_372' title='bbox 1671 2112 1744 2139; x_wconf 74' lang='lat' dir='ltr'>nos,</span> 
     </span>
     <span class='ocr_line' id='line_1_45' title="bbox 360 2146 1743 2187; baseline -0.001 -9"><span class='ocrx_word' id='word_1_373' title='bbox 360 2148 521 2187; x_wconf 84' lang='lat' dir='ltr'>expedito</span> <span class='ocrx_word' id='word_1_374' title='bbox 539 2148 690 2187; x_wconf 64' lang='lat' dir='ltr'>negocio,</span> <span class='ocrx_word' id='word_1_375' title='bbox 709 2147 825 2177; x_wconf 90' lang='lat' dir='ltr'>debite</span> <span class='ocrx_word' id='word_1_376' title='bbox 843 2147 1042 2177; x_wconf 80' lang='lat' dir='ltr'>certificetis</span> <span class='ocrx_word' id='word_1_377' title='bbox 1058 2157 1120 2186; x_wconf 87' lang='lat' dir='ltr'>per</span> <span class='ocrx_word' id='word_1_378' title='bbox 1137 2147 1272 2177; x_wconf 86' lang='lat' dir='ltr'>Litcras</span> <span class='ocrx_word' id='word_1_379' title='bbox 1289 2150 1424 2178; x_wconf 79' lang='lat' dir='ltr'>vestras</span> <span class='ocrx_word' id='word_1_380' title='bbox 1448 2147 1594 2183; x_wconf 81' lang='lat' dir='ltr'>clausas,</span> <span class='ocrx_word' id='word_1_381' title='bbox 1620 2146 1743 2177; x_wconf 87' lang='lat' dir='ltr'>harum</span> 
     </span>
     <span class='ocr_line' id='line_1_46' title="bbox 360 2191 1745 2230; baseline -0.001 -8"><span class='ocrx_word' id='word_1_382' title='bbox 360 2193 483 2222; x_wconf 83' lang='lat' dir='ltr'>scriem</span> <span class='ocrx_word' id='word_1_383' title='bbox 509 2202 548 2222; x_wconf 89' lang='lat' dir='ltr'>ac</span> <span class='ocrx_word' id='word_1_384' title='bbox 571 2192 683 2222; x_wconf 87' lang='lat' dir='ltr'>tocius</span> <span class='ocrx_word' id='word_1_385' title='bbox 707 2191 893 2222; x_wconf 85' lang='lat' dir='ltr'>Processus</span> <span class='ocrx_word' id='word_1_386' title='bbox 914 2201 976 2230; x_wconf 88' lang='lat' dir='ltr'>per</span> <span class='ocrx_word' id='word_1_387' title='bbox 991 2200 1052 2221; x_wconf 78' lang='lat' dir='ltr'>vos</span> <span class='ocrx_word' id='word_1_388' title='bbox 1076 2191 1110 2220; x_wconf 89' lang='lat' dir='ltr'>in</span> <span class='ocrx_word' id='word_1_389' title='bbox 1136 2191 1200 2221; x_wconf 84' lang='lat' dir='ltr'>hac</span> <span class='ocrx_word' id='word_1_390' title='bbox 1224 2194 1323 2230; x_wconf 85' lang='lat' dir='ltr'>parte</span> <span class='ocrx_word' id='word_1_391' title='bbox 1341 2191 1451 2221; x_wconf 85' lang='lat' dir='ltr'>habiti</span> <span class='ocrx_word' id='word_1_392' title='bbox 1469 2191 1618 2221; x_wconf 85' lang='lat' dir='ltr'>dilucide</span> <span class='ocrx_word' id='word_1_393' title='bbox 1636 2191 1745 2221; x_wconf 88' lang='lat' dir='ltr'>conti-</span> 
     </span>
     <span class='ocr_line' id='line_1_47' title="bbox 360 2235 1743 2275; baseline -0.001 -9"><span class='ocrx_word' id='word_1_394' title='bbox 360 2239 493 2269; x_wconf 79' lang='lat' dir='ltr'>nentes.</span> <span class='ocrx_word' id='word_1_395' title='bbox 517 2236 629 2275; x_wconf 77' lang='lat' dir='ltr'>sigillo</span> <span class='ocrx_word' id='word_1_396' title='bbox 654 2235 832 2266; x_wconf 84' lang='lat' dir='ltr'>autentico</span> <span class='ocrx_word' id='word_1_397' title='bbox 857 2235 1250 2274; x_wconf 66' lang='lat' dir='ltr'>consignatas—Dated</span> <span class='ocrx_word' id='word_1_398' title='bbox 1269 2238 1305 2266; x_wconf 84' lang='lat' dir='ltr'>at</span> <span class='ocrx_word' id='word_1_399' title='bbox 1323 2235 1403 2266; x_wconf 78' lang='lat' dir='ltr'>East</span> <span class='ocrx_word' id='word_1_400' title='bbox 1426 2235 1585 2275; x_wconf 80' lang='lat' dir='ltr'>Horsley,</span> <span class='ocrx_word' id='word_1_401' title='bbox 1603 2236 1644 2265; x_wconf 79' lang='lat'>:22</span> <span class='ocrx_word' id='word_1_402' title='bbox 1663 2235 1743 2274; x_wconf 82' lang='lat' dir='ltr'>Sep-</span> 
     </span>
     <span class='ocr_line' id='line_1_48' title="bbox 357 2280 501 2311; baseline 0 -1"><span class='ocrx_word' id='word_1_403' title='bbox 357 2280 501 2311; x_wconf 87' lang='lat' dir='ltr'>tember.</span> 
     </span>
    </p>
   </div>
   <div class='ocr_carea' id='block_1_5' title="bbox 317 2343 1746 2393">
    <p class='ocr_par' dir='ltr' id='par_1_5' title="bbox 317 2343 1746 2393">
     <span class='ocr_line' id='line_1_49' title="bbox 317 2343 1746 2393; baseline -0.001 -11"><span class='ocrx_word' id='word_1_404' title='bbox 317 2344 579 2382; x_wconf 86' lang='lat' dir='ltr'>Commission</span> <span class='ocrx_word' id='word_1_405' title='bbox 627 2343 804 2381; x_wconf 83' lang='lat' dir='ltr'>directed</span> <span class='ocrx_word' id='word_1_406' title='bbox 857 2348 899 2380; x_wconf 92' lang='lat' dir='ltr'>to</span> <span class='ocrx_word' id='word_1_407' title='bbox 950 2343 1018 2381; x_wconf 87' lang='lat' dir='ltr'>the</span> <span class='ocrx_word' id='word_1_408' title='bbox 1067 2343 1464 2393; x_wconf 77' lang='lat' dir='ltr'>Suffragan-Bishop3</span> <span class='ocrx_word' id='word_1_409' title='bbox 1514 2343 1746 2382; x_wconf 71' lang='lat' dir='ltr'>Commissio</span> 
     </span>
    </p>
   </div>
   <div class='ocr_carea' id='block_1_6' title="bbox 368 2397 1453 2446">
    <p class='ocr_par' dir='ltr' id='par_1_6' title="bbox 368 2397 1453 2446">
     <span class='ocr_line' id='line_1_50' title="bbox 368 2397 1453 2446; baseline -0.001 -11"><span class='ocrx_word' id='word_1_410' title='bbox 368 2398 701 2446; x_wconf 57' lang='lat' dir='ltr'>C&#39;zcmavzayiewsis</span> <span class='ocrx_word' id='word_1_411' title='bbox 721 2397 916 2446; x_wconf 69' lang='lat' dir='ltr'>Episcopi,</span> <span class='ocrx_word' id='word_1_412' title='bbox 940 2397 1197 2446; x_wconf 63' lang='lat' dir='ltr'>›5&#39;24ffi·a9aozei</span> <span class='ocrx_word' id='word_1_413' title='bbox 1222 2398 1453 2443; x_wconf 70' lang='lat' dir='ltr'>Domini,—</span> 
     </span>
    </p>
   </div>
   <div class='ocr_carea' id='block_1_7' title="bbox 315 2453 1743 2493">
    <p class='ocr_par' dir='ltr' id='par_1_7' title="bbox 315 2453 1743 2493">
     <span class='ocr_line' id='line_1_51' title="bbox 315 2453 1743 2493; baseline -0.001 -9"><span class='ocrx_word' id='word_1_414' title='bbox 315 2453 526 2489; x_wconf 76' lang='lat' dir='ltr'>Venerabili,</span> <span class='ocrx_word' id='word_1_415' title='bbox 555 2456 631 2491; x_wconf 70' lang='lat' dir='ltr'>etc,</span> <span class='ocrx_word' id='word_1_416' title='bbox 659 2453 820 2487; x_wconf 60' lang='grc' dir='ltr'>Ι1011311111,</span> <span class='ocrx_word' id='word_1_417' title='bbox 846 2453 906 2483; x_wconf 89' lang='lat' dir='ltr'>Dei</span> <span class='ocrx_word' id='word_1_418' title='bbox 933 2453 1051 2491; x_wconf 76' lang='lat' dir='ltr'>gracia</span> <span class='ocrx_word' id='word_1_419' title='bbox 1077 2453 1346 2492; x_wconf 65' lang='lat' dir='ltr'>Cumanagiensi</span> <span class='ocrx_word' id='word_1_420' title='bbox 1375 2453 1554 2493; x_wconf 87' lang='lat' dir='ltr'>Episc0p0‚</span> <span class='ocrx_word' id='word_1_421' title='bbox 1582 2453 1743 2489; x_wconf 84' lang='lat' dir='ltr'>Thomas,</span> 
     </span>
    </p>
   </div>
   <div class='ocr_carea' id='block_1_8' title="bbox 359 2497 1745 2935">
    <p class='ocr_par' dir='ltr' id='par_1_8' title="bbox 359 2497 1745 2935">
     <span class='ocr_line' id='line_1_52' title="bbox 359 2497 1742 2537; baseline -0.001 -9"><span class='ocrx_word' id='word_1_422' title='bbox 359 2502 435 2536; x_wconf 86' lang='lat' dir='ltr'>etc.‚</span> <span class='ocrx_word' id='word_1_423' title='bbox 461 2498 620 2535; x_wconf 81' lang='lat' dir='ltr'>salutem,</span> <span class='ocrx_word' id='word_1_424' title='bbox 646 2497 847 2535; x_wconf 90' lang='lat' dir='ltr'>etc.—Quia</span> <span class='ocrx_word' id='word_1_425' title='bbox 871 2507 943 2535; x_wconf 56' lang='grc'>1109,</span> <span class='ocrx_word' id='word_1_426' title='bbox 961 2497 1067 2528; x_wconf 80' lang='lat' dir='ltr'>variis</span> <span class='ocrx_word' id='word_1_427' title='bbox 1091 2502 1125 2527; x_wconf 87' lang='lat' dir='ltr'>et</span> <span class='ocrx_word' id='word_1_428' title='bbox 1151 2498 1269 2528; x_wconf 88' lang='lat' dir='ltr'>arduis</span> <span class='ocrx_word' id='word_1_429' title='bbox 1292 2498 1444 2537; x_wconf 79' lang='lat' dir='ltr'>negociis</span> <span class='ocrx_word' id='word_1_430' title='bbox 1472 2500 1589 2528; x_wconf 82' lang='lat' dir='ltr'>nostre</span> <span class='ocrx_word' id='word_1_431' title='bbox 1619 2497 1742 2527; x_wconf 84' lang='lat' dir='ltr'>Exoni-</span> 
     </span>
     <span class='ocr_line' id='line_1_53' title="bbox 359 2539 1743 2581; baseline -0.001 -9"><span class='ocrx_word' id='word_1_432' title='bbox 359 2543 453 2572; x_wconf 87' lang='lat' dir='ltr'>ensis</span> <span class='ocrx_word' id='word_1_433' title='bbox 479 2539 683 2581; x_wconf 83' lang='lat' dir='ltr'>[Ecclesie],</span> <span class='ocrx_word' id='word_1_434' title='bbox 708 2551 748 2572; x_wconf 83' lang='lat' dir='ltr'>ac</span> <span class='ocrx_word' id='word_1_435' title='bbox 780 2541 918 2571; x_wconf 89' lang='lat' dir='ltr'>Domini</span> <span class='ocrx_word' id='word_1_436' title='bbox 951 2542 1061 2572; x_wconf 89' lang='lat' dir='ltr'>nostri</span> <span class='ocrx_word' id='word_1_437' title='bbox 1094 2541 1198 2579; x_wconf 66' lang='lat' dir='ltr'>Regis</span> <span class='ocrx_word' id='word_1_438' title='bbox 1230 2544 1265 2571; x_wconf 86' lang='lat' dir='ltr'>et</span> <span class='ocrx_word' id='word_1_439' title='bbox 1294 2542 1405 2581; x_wconf 72' lang='lat' dir='ltr'>Regni</span> <span class='ocrx_word' id='word_1_440' title='bbox 1431 2542 1556 2579; x_wconf 67' lang='lat' dir='ltr'>Anglie</span> <span class='ocrx_word' id='word_1_441' title='bbox 1589 2541 1743 2579; x_wconf 67' lang='lat' dir='ltr'>negociis</span> 
     </span>
     <span class='ocr_line' id='line_1_54' title="bbox 359 2585 1744 2625; baseline -0.001 -9"><span class='ocrx_word' id='word_1_442' title='bbox 359 2590 458 2617; x_wconf 83' lang='lat' dir='ltr'>extra</span> <span class='ocrx_word' id='word_1_443' title='bbox 484 2592 640 2616; x_wconf 83' lang='lat' dir='ltr'>nostram</span> <span class='ocrx_word' id='word_1_444' title='bbox 670 2586 852 2623; x_wconf 66' lang='lat' dir='ltr'>Diocesim,</span> <span class='ocrx_word' id='word_1_445' title='bbox 881 2585 1063 2616; x_wconf 81' lang='lat' dir='ltr'>existimus</span> <span class='ocrx_word' id='word_1_446' title='bbox 1090 2585 1332 2625; x_wconf 85' lang='lat' dir='ltr'>multipliciter</span> <span class='ocrx_word' id='word_1_447' title='bbox 1362 2586 1532 2625; x_wconf 75' lang='lat' dir='ltr'>impediti,</span> <span class='ocrx_word' id='word_1_448' title='bbox 1560 2586 1744 2625; x_wconf 82' lang='lat' dir='ltr'>quominus</span> 
     </span>
     <span class='ocr_line' id='line_1_55' title="bbox 360 2629 1744 2670; baseline -0.001 -10"><span class='ocrx_word' id='word_1_449' title='bbox 360 2631 427 2660; x_wconf 86' lang='lat' dir='ltr'>hiis</span> <span class='ocrx_word' id='word_1_450' title='bbox 451 2640 516 2670; x_wconf 87' lang='lat' dir='ltr'>que</span> <span class='ocrx_word' id='word_1_451' title='bbox 542 2633 661 2660; x_wconf 84' lang='lat' dir='ltr'>nostro</span> <span class='ocrx_word' id='word_1_452' title='bbox 686 2630 720 2660; x_wconf 90' lang='lat' dir='ltr'>in</span> <span class='ocrx_word' id='word_1_453' title='bbox 745 2629 810 2659; x_wconf 85' lang='lat' dir='ltr'>hac</span> <span class='ocrx_word' id='word_1_454' title='bbox 835 2635 934 2669; x_wconf 83' lang='lat' dir='ltr'>parte</span> <span class='ocrx_word' id='word_1_455' title='bbox 959 2630 1164 2660; x_wconf 86' lang='lat' dir='ltr'>incumbunt</span> <span class='ocrx_word' id='word_1_456' title='bbox 1183 2630 1302 2660; x_wconf 84' lang='lat' dir='ltr'>Officio</span> <span class='ocrx_word' id='word_1_457' title='bbox 1327 2630 1497 2661; x_wconf 78' lang='lat' dir='ltr'>Pastorali</span> <span class='ocrx_word' id='word_1_458' title='bbox 1523 2630 1557 2659; x_wconf 91' lang='lat' dir='ltr'>in</span> <span class='ocrx_word' id='word_1_459' title='bbox 1583 2629 1744 2659; x_wconf 83' lang='lat' dir='ltr'>omnibus</span> 
     </span>
     <span class='ocr_line' id='line_1_56' title="bbox 360 2673 1743 2713; baseline -0.001 -9"><span class='ocrx_word' id='word_1_460' title='bbox 360 2675 541 2705; x_wconf 88' lang='lat' dir='ltr'>intendere</span> <span class='ocrx_word' id='word_1_461' title='bbox 567 2674 764 2710; x_wconf 78' lang='lat' dir='ltr'>valcamus3</span> <span class='ocrx_word' id='word_1_462' title='bbox 801 2674 844 2703; x_wconf 85' lang='lat' dir='ltr'>ad</span> <span class='ocrx_word' id='word_1_463' title='bbox 869 2684 1112 2713; x_wconf 69' lang='lat' dir='ltr'>quoscumque,</span> <span class='ocrx_word' id='word_1_464' title='bbox 1138 2673 1255 2712; x_wconf 78' lang='lat' dir='ltr'>igitur,</span> <span class='ocrx_word' id='word_1_465' title='bbox 1280 2684 1405 2713; x_wconf 89' lang='lat' dir='ltr'>pucros</span> <span class='ocrx_word' id='word_1_466' title='bbox 1429 2677 1627 2704; x_wconf 87' lang='lat' dir='ltr'>nostrarum</span> <span class='ocrx_word' id='word_1_467' title='bbox 1654 2673 1743 2704; x_wconf 77' lang='lat' dir='ltr'>Civi-</span> 
     </span>
     <span class='ocr_line' id='line_1_57' title="bbox 360 2716 1743 2756; baseline -0.002 -7"><span class='ocrx_word' id='word_1_468' title='bbox 360 2719 445 2749; x_wconf 85' lang='lat' dir='ltr'>tatis</span> <span class='ocrx_word' id='word_1_469' title='bbox 469 2722 503 2749; x_wconf 91' lang='lat' dir='ltr'>et</span> <span class='ocrx_word' id='word_1_470' title='bbox 529 2719 694 2755; x_wconf 82' lang='lat' dir='ltr'>Dioccsis,</span> <span class='ocrx_word' id='word_1_471' title='bbox 718 2717 913 2748; x_wconf 82' lang='lat' dir='ltr'>babtizatos</span> <span class='ocrx_word' id='word_1_472' title='bbox 940 2716 1018 2756; x_wconf 79' lang='lat' dir='ltr'>(sic)</span> <span class='ocrx_word' id='word_1_473' title='bbox 1046 2720 1081 2747; x_wconf 87' lang='lat' dir='ltr'>ct</span> <span class='ocrx_word' id='word_1_474' title='bbox 1105 2728 1174 2747; x_wconf 90' lang='lat' dir='ltr'>non</span> <span class='ocrx_word' id='word_1_475' title='bbox 1199 2718 1432 2756; x_wconf 77' lang='lat' dir='ltr'>confirmatos,</span> <span class='ocrx_word' id='word_1_476' title='bbox 1457 2718 1743 2755; x_wconf 82' lang='lat' dir='ltr'>confirmandum,</span> 
     </span>
     <span class='ocr_line' id='line_1_58' title="bbox 361 2759 1743 2802; baseline -0.001 -9"><span class='ocrx_word' id='word_1_477' title='bbox 361 2762 561 2802; x_wconf 83' lang='lat' dir='ltr'>Calicesque</span> <span class='ocrx_word' id='word_1_478' title='bbox 579 2769 613 2793; x_wconf 87' lang='lat' dir='ltr'>ct</span> <span class='ocrx_word' id='word_1_479' title='bbox 631 2759 850 2793; x_wconf 82' lang='lat' dir='ltr'>Vestimenta</span> <span class='ocrx_word' id='word_1_480' title='bbox 868 2771 1082 2801; x_wconf 79' lang='lat' dir='ltr'>quecumque</span> <span class='ocrx_word' id='word_1_481' title='bbox 1099 2761 1335 2792; x_wconf 84' lang='lat' dir='ltr'>benedicenda</span> <span class='ocrx_word' id='word_1_482' title='bbox 1352 2762 1624 2792; x_wconf 79' lang='lat' dir='ltr'>benedicendum</span> <span class='ocrx_word' id='word_1_483' title='bbox 1642 2777 1648 2798; x_wconf 92' lang='lat'>;</span> <span class='ocrx_word' id='word_1_484' title='bbox 1666 2772 1743 2792; x_wconf 88' lang='lat' dir='ltr'>nec-</span> 
     </span>
     <span class='ocr_line' id='line_1_59' title="bbox 360 2805 1742 2845; baseline -0.001 -8"><span class='ocrx_word' id='word_1_485' title='bbox 360 2817 440 2845; x_wconf 90' lang='lat' dir='ltr'>non,</span> <span class='ocrx_word' id='word_1_486' title='bbox 466 2807 502 2837; x_wconf 89' lang='lat' dir='ltr'>in</span> <span class='ocrx_word' id='word_1_487' title='bbox 530 2806 606 2837; x_wconf 87' lang='lat' dir='ltr'>soro</span> <span class='ocrx_word' id='word_1_488' title='bbox 632 2807 746 2836; x_wconf 88' lang='lat' dir='ltr'>anime</span> <span class='ocrx_word' id='word_1_489' title='bbox 776 2805 1020 2837; x_wconf 85' lang='lat' dir='ltr'>Confessiones</span> <span class='ocrx_word' id='word_1_490' title='bbox 1041 2806 1196 2835; x_wconf 87' lang='lat' dir='ltr'>omnium</span> <span class='ocrx_word' id='word_1_491' title='bbox 1224 2811 1258 2836; x_wconf 86' lang='lat' dir='ltr'>et</span> <span class='ocrx_word' id='word_1_492' title='bbox 1284 2806 1499 2845; x_wconf 76' lang='lat' dir='ltr'>singulorum</span> <span class='ocrx_word' id='word_1_493' title='bbox 1524 2806 1742 2836; x_wconf 78' lang='lat' dir='ltr'>subditorum</span> 
     </span>
     <span class='ocr_line' id='line_1_60' title="bbox 360 2849 1743 2890; baseline -0.001 -9"><span class='ocrx_word' id='word_1_494' title='bbox 360 2853 570 2889; x_wconf 80' lang='lat' dir='ltr'>nostrorum,</span> <span class='ocrx_word' id='word_1_495' title='bbox 594 2851 774 2890; x_wconf 81' lang='lat' dir='ltr'>utriusque</span> <span class='ocrx_word' id='word_1_496' title='bbox 800 2859 911 2887; x_wconf 78' lang='lat' dir='ltr'>sexus,</span> <span class='ocrx_word' id='word_1_497' title='bbox 940 2849 1033 2880; x_wconf 82' lang='lat' dir='ltr'>infra</span> <span class='ocrx_word' id='word_1_498' title='bbox 1058 2854 1213 2880; x_wconf 85' lang='lat' dir='ltr'>nostram</span> <span class='ocrx_word' id='word_1_499' title='bbox 1242 2850 1415 2881; x_wconf 85' lang='lat' dir='ltr'>Diocesim</span> <span class='ocrx_word' id='word_1_500' title='bbox 1444 2850 1638 2890; x_wconf 84' lang='lat' dir='ltr'>predictam</span> <span class='ocrx_word' id='word_1_501' title='bbox 1671 2850 1743 2880; x_wconf 93' lang='lat' dir='ltr'>ubi-</span> 
     </span>
     <span class='ocr_line' id='line_1_61' title="bbox 360 2893 1745 2935; baseline -0.001 -10"><span class='ocrx_word' id='word_1_502' title='bbox 360 2905 507 2935; x_wconf 87' lang='lat' dir='ltr'>cumque</span> <span class='ocrx_word' id='word_1_503' title='bbox 531 2895 835 2933; x_wconf 69' lang='lat' dir='ltr'>commorancium,</span> <span class='ocrx_word' id='word_1_504' title='bbox 854 2894 1019 2934; x_wconf 74' lang='lat' dir='ltr'>vobisque</span> <span class='ocrx_word' id='word_1_505' title='bbox 1044 2894 1201 2925; x_wconf 85' lang='lat' dir='ltr'>confiteri</span> <span class='ocrx_word' id='word_1_506' title='bbox 1225 2893 1431 2932; x_wconf 76' lang='lat' dir='ltr'>voleneium,</span> <span class='ocrx_word' id='word_1_507' title='bbox 1457 2894 1679 2933; x_wconf 85' lang='lat' dir='ltr'>audiendum,</span> <span class='ocrx_word' id='word_1_508' title='bbox 1705 2903 1745 2924; x_wconf 86' lang='lat' dir='ltr'>ac</span> 
     </span>
    </p>
   </div>
   <div class='ocr_carea' id='block_1_9' title="bbox 339 2970 365 3002">
    <p class='ocr_par' dir='ltr' id='par_1_9' title="bbox 339 2970 365 3002">
     <span class='ocr_line' id='line_1_62' title="bbox 339 2970 365 3002; baseline 0 0"><span class='ocrx_word' id='word_1_509' title='bbox 339 2970 365 3002; x_wconf 84' lang='lat' dir='ltr'>C</span> 
     </span>
    </p>
   </div>
  </div>
 </body>
</html>
