1907 3212
175 1898 220 1925 fol.
237 1899 313 1926 217b.

400 295 498 328 THE
537 296 777 338 REGISTER
812 297 872 330 OF
904 297 1080 330 BISHOP
1114 296 1519 330 BRANTYNGHAM.

341 398 397 436 tis,
427 400 627 438 comedatis,
652 404 687 431 et
715 411 792 431 cum
819 401 950 432 eisdem
974 400 1010 431 in
1034 400 1259 440 Dormitorio‚
1282 400 1350 431 nisi
1373 410 1478 432 causa
1500 398 1723 430 racionabilis

342 443 463 480 subsit,
488 444 651 474 similiter
673 445 830 485 jaceatis,
855 455 895 476 ac
920 445 1109 475 Monachos
1132 446 1278 483 vestros,
1297 445 1444 475 vestitos
1468 446 1503 475 et
1527 444 1660 474 cinctos
1683 445 1722 473 ut

341 488 513 525 convenit,
538 489 714 528 quiescere
738 489 888 528 faciatis,
913 492 948 519 et
972 489 1108 519 debitas
1131 489 1367 520 correcciones
1390 489 1426 519 in
1451 488 1622 528 Capitulo,
1646 497 1721 527 pre-

339 531 438 570 cipue
462 542 529 571 quo
553 532 597 562 ad
628 533 870 564 inobedientes
900 537 935 564 et
967 533 1176 564 discordiam
1201 533 1294 564 inter
1326 533 1466 563 Fratres
1497 532 1722 569 seminantes,

339 575 412 605 sine
444 586 672 615 personarum
704 578 909 618 accepcione
941 578 1106 618 qualibet,
1137 577 1254 608 facere
1286 577 1467 615 studeatis,
1493 579 1597 617 prout
1630 575 1722 606 Ordo

339 618 553 650 Monasticus
577 624 612 651 et
636 622 820 661 Regularis
844 622 1036 661 Disciplina
1059 621 1168 661 exigit
1191 623 1227 652 et
1250 621 1554 662 requirit—ITEM,
1576 620 1722 660 precipi-

338 673 415 693 mus
435 667 469 694 et
495 665 704 696 mandamus
725 666 889 705 quatinus
912 666 1076 696 Officiarii
1098 666 1181 696 dicti
1208 665 1410 696 Monasterii
1431 665 1558 704 singuli
1582 664 1722 703 Abbati,

339 709 445 738 semel
471 709 507 738 in
535 719 637 747 anno,
660 710 701 740 de
727 710 856 740 Officiis
883 711 1096 748 eorumdem,
1124 712 1296 749 quatenus
1324 710 1368 740 ad
1395 719 1453 740 eos
1479 709 1618 739 divisim
1646 718 1721 748 per-

339 752 438 790 tinet,
463 756 687 793 computent3
711 765 840 795 vosque
861 755 979 785 Abbas
1000 755 1067 785 toti
1087 754 1283 785 Conventui
1305 756 1435 784 statum
1456 754 1569 784 tocius
1591 753 1724 783 Domus

338 797 445 826 semel
462 798 571 827 eciam
589 799 771 829 annuatim
795 799 999 836 exhibeatis,
1016 799 1116 838 juxta
1133 798 1273 828 Ordinis
1298 798 1404 828 vestri
1430 797 1572 828 Statuta
1595 800 1630 828 et
1656 797 1721 827 Ob-

338 842 536 872 servancias
554 842 901 881 Regulares.—ITEM,
919 843 1117 881 statuimus,
1134 845 1170 873 et
1194 842 1380 873 statuendo
1396 842 1614 879 mandamus,
1631 841 1722 881 quod

339 884 452 923 Carte,
485 886 715 925 Munimenta,
747 887 818 918 sive
855 888 1107 925 Instrumenta,
1139 887 1223 917 dicti
1255 886 1469 924 Monasterii,
1501 889 1536 916 et
1568 885 1719 925 sigillum

336 932 503 968 vestrum,
515 933 591 961 tute
609 931 853 961 custodiantur
869 932 932 962 sub
949 931 1061 962 tribus
1078 931 1224 961 diversis
1241 931 1396 961 clavibus
1412 933 1448 960 et
1464 930 1603 967 seruris,
1620 929 1720 969 juxta

336 973 477 1004 modum
496 975 531 1004 in
556 975 649 1005 dicto
667 976 878 1006 Monasterio
901 976 1096 1016 antiquitus
1120 975 1362 1012 observatum3
1387 984 1451 1005 nec
1467 974 1588 1004 eodem
1606 973 1720 1013 sigillo

336 1020 453 1048 vestro
477 1029 631 1059 unquam
656 1020 787 1060 aliquid
812 1020 986 1059 sigilletur
1011 1020 1084 1050 sine
1111 1019 1220 1050 vestri
1246 1022 1307 1049 aut
1332 1022 1488 1049 vestrum
1512 1018 1656 1058 majoris
1683 1020 1718 1048 et

336 1062 483 1093 sanioris
505 1064 617 1102 partis
646 1064 799 1104 Capituli
824 1065 1154 1101 consensa—ITEM,
1183 1064 1385 1093 ordinamus
1412 1063 1504 1103 quod
1531 1062 1718 1092 elemosine

336 1106 452 1137 debite
479 1111 514 1137 et
540 1111 706 1139 consuete
734 1109 769 1138 in
795 1109 889 1139 dicto
918 1109 1139 1146 Monasterio,
1167 1108 1240 1138 sine
1268 1107 1502 1137 diminucione
1527 1107 1652 1146 aliqua,
1679 1110 1717 1136 ut

335 1151 507 1190 convenit,
522 1152 564 1182 de
581 1156 697 1183 cetero
708 1156 896 1192 erogentur
909 1167 916 1190 3
932 1153 1130 1193 infirmique
1145 1152 1348 1182 Confi-atres
1361 1154 1396 1182 et
1413 1151 1545 1181 debiles
1561 1151 1718 1191 ejusdem

336 1195 539 1226 Monasterii
564 1197 680 1236 sepius
703 1197 893 1227 visitentur
915 1207 956 1227 ac
980 1197 1143 1237 congruis
1167 1196 1349 1226 medicinis
1367 1198 1401 1226 et
1418 1195 1557 1226 cibariis
1574 1195 1718 1225 salubri-

334 1239 398 1269 bus
429 1241 820 1279 p1·ocurentur.—ITEM,
849 1242 1038 1271 statuimus
1069 1243 1113 1279 et,
1138 1241 1287 1271 firmiter
1318 1239 1544 1280 injungendo,
1575 1239 1718 1269 manda-

334 1293 412 1314 mus
435 1285 526 1323 quod
551 1285 683 1315 Domus
707 1296 772 1325 que
796 1286 1027 1316 Misericordia
1049 1285 1242 1324 vulgariter
1264 1287 1496 1324 nuncupatur,
1513 1293 1576 1323 pro
1599 1283 1720 1314 usibus

333 1327 534 1368 hujusmodi
560 1329 779 1360 infirmorum
808 1330 1000 1368 dumtaxat,
1024 1340 1065 1360 ac
1088 1339 1157 1360 non
1181 1329 1293 1367 aliter,
1318 1331 1559 1368 competenter
1581 1337 1718 1367 repare-

332 1377 399 1410 tur,
427 1375 472 1411 et,
498 1373 527 1403 si
559 1374 666 1411 deest,
693 1376 732 1404 ut
763 1375 942 1412 asseritur,
969 1375 1011 1405 de
1042 1384 1132 1404 novo
1163 1376 1388 1404 construatur
1414 1372 1508 1402 infra
1538 1371 1717 1402 biennium

332 1426 353 1446 a
379 1416 433 1447 die
457 1418 671 1457 recepcionis
694 1419 927 1457 Presencium,
950 1419 1014 1448 sub
1036 1428 1126 1458 pena
1150 1418 1294 1458 Majoris
1326 1416 1718 1447 Excommunicacionis.

332 1461 478 1499 wirma,
496 1462 707 1501 precipimus
724 1463 815 1502 quod
832 1463 874 1493 de
899 1466 1015 1493 cetero
1038 1463 1191 1493 Juvenes
1215 1464 1251 1492 et
1274 1461 1409 1492 Novicii
1434 1471 1503 1491 non
1528 1460 1715 1491 admittan-

332 1508 390 1534 tur
414 1505 456 1535 ad
482 1506 621 1546 aliquod
649 1506 808 1537 Officium
837 1507 1028 1546 regendum
1056 1509 1092 1536 et
1118 1506 1396 1545 gubernandum,
1420 1505 1515 1535 infra
1538 1504 1593 1534 vel
1617 1506 1717 1534 extra

334 1549 597 1589 Monasterium,
611 1561 788 1591 quousque
805 1551 989 1582 servicium
1007 1550 1225 1581 reddiderint
1241 1550 1278 1579 in
1292 1549 1420 1580 Ordine
1434 1555 1649 1586 consuetum,
1664 1551 1717 1578 set

332 1593 485 1624 habeant
503 1604 582 1625 suos
600 1595 797 1634 Magistros,
816 1596 870 1625 vel
888 1596 1011 1625 saltem
1029 1605 1148 1632 unum,
1166 1595 1210 1624 ad
1234 1594 1310 1624 illos
1334 1593 1558 1624 instruendos
1582 1595 1655 1622 tam
1680 1593 1716 1622 in

331 1637 494 1669 Serviciis
519 1639 655 1670 Divinis
686 1650 789 1680 quam
816 1639 1046 1679 Regularibus
1078 1638 1438 1678 Disciplinis.—ITEM,
1456 1637 1645 1667 statuimus
1669 1639 1714 1674 et,

331 1682 480 1712 firmiter
494 1682 720 1723 injungendo,
737 1684 945 1714 mandamus
962 1684 1053 1723 quod
1069 1693 1189 1713 omnes
1205 1686 1240 1712 et
1257 1682 1384 1722 singuli
1402 1681 1563 1711 Monachi
1580 1680 1716 1711 Monas-

330 1727 409 1756 terii
427 1728 619 1766 supradicti
637 1738 657 1758 a
673 1728 841 1758 conviviis
858 1728 1006 1767 publicis
1019 1730 1054 1757 et
1067 1727 1224 1767 privatis,
1238 1736 1277 1757 ac
1294 1725 1535 1766 potacionibus
1552 1725 1715 1764 tempori-

330 1770 395 1800 bus
420 1776 453 1801 et
478 1771 563 1802 locis
587 1772 762 1810 indebitis,
788 1772 951 1812 precipue
976 1774 1054 1812 post
1079 1771 1363 1811 Completorium,
1389 1780 1424 1800 se
1448 1769 1659 1802 abstineant.
1677 1772 1716 1798 ut

329 1817 505 1853 tenentur,
523 1816 591 1847 nisi
608 1816 650 1846 de
668 1817 816 1847 Abbatis
833 1817 898 1854 vel,
915 1817 951 1846 in
967 1816 1076 1855 ipsius
1100 1815 1273 1853 absencia,
1293 1815 1420 1845 Prior-is
1436 1813 1582 1844 licencia
1597 1813 1715 1853 primi·

330 1861 387 1889 tus
404 1860 515 1899 petita
532 1863 567 1890 et
584 1863 748 1900 optenta3
773 1864 808 1891 et
825 1871 893 1891 non
911 1860 1067 1891 revelent
1091 1859 1266 1891 extraneis
1291 1861 1423 1889 statum
1447 1868 1510 1888 nec
1531 1858 1714 1889 consilium

330 1903 462 1934 Domus
477 1918 484 1941 ;
509 1908 543 1934 et
561 1905 652 1944 quod
670 1915 785 1935 coram
803 1905 975 1943 omnibus,
991 1908 1065 1934 tam
1082 1905 1118 1934 in
1137 1903 1298 1943 Capitulo
1315 1913 1419 1943 quam
1444 1902 1536 1941 alibi,
1554 1902 1717 1941 legantur

330 1951 365 1978 et
383 1952 603 1988 exponantur
620 1949 753 1988 Regula
772 1949 891 1980 Sancti
910 1949 1090 1980 Benedicti
1107 1952 1142 1979 et
1168 1948 1448 1979 Constituciones
1472 1946 1629 1986 ejusdem
1655 1946 1715 1976 Or-

330 1992 420 2022 dinis
446 1993 482 2022 in
508 1992 572 2023 hac
598 1996 698 2032 parte
724 1994 791 2024 rite
823 1993 1076 2031 edite—ITEM,
1104 1992 1307 2023 ordinamus
1338 1992 1429 2031 quod
1457 1991 1556 2021 Prior
1584 1990 1715 2020 Domus

330 2036 497 2067 Misteriis
521 2037 657 2068 Divinis
681 2047 720 2068 ac
746 2037 952 2075 Conventui,
977 2037 1098 2067 diebus
1121 2047 1161 2067 ac
1188 2036 1360 2074 noctibus,
1386 2035 1520 2066 solicite
1543 2034 1733 2078 intendat,v

329 2083 364 2110 et
381 2091 450 2110 non
467 2081 559 2111 circa
577 2082 645 2112 alia
662 2082 807 2121 negocia
823 2082 914 2112 dicte
934 2082 1074 2119 Domus,
1092 2084 1236 2121 propter
1252 2090 1317 2120 que
1334 2080 1378 2110 ab
1394 2079 1462 2109 hiis
1475 2089 1540 2119 que
1557 2078 1602 2109 ad
1619 2078 1712 2108 Prio-

329 2134 402 2154 rem
413 2124 643 2156 Claustralem
656 2127 834 2165 pertinent
846 2126 1103 2166 quomodolibet
1114 2125 1243 2165 poterit
1254 2124 1414 2164 impediri
1424 2138 1431 2161 ;
1443 2126 1478 2153 et
1491 2123 1581 2163 quod
1594 2122 1714 2153 Abbas

330 2178 389 2199 seu
418 2169 511 2199 idem
540 2170 639 2200 Prior
666 2170 786 2200 audiat
812 2170 1056 2200 Confessiones
1079 2169 1339 2206 Monaehorum,
1362 2168 1417 2198 vel
1441 2168 1629 2207 deputetur
1652 2167 1712 2196 ali-

328 2213 404 2252 quis
421 2213 577 2253 ydoneus
594 2224 656 2253 per
672 2215 765 2254 ipsos
781 2215 825 2244 ad
841 2215 927 2245 illud
945 2214 1104 2244 Officium
1121 2212 1518 2253 peragendum.—ITEM,
1541 2218 1713 2240 MONEMUS

327 2267 447 2287 omnes
464 2260 499 2288 et
516 2258 672 2297 singulos
690 2259 878 2289 Monachos
896 2259 980 2289 dicti
998 2258 1211 2295 Mouasterii‚
1224 2257 1287 2288 sub
1303 2266 1394 2296 pena
1408 2255 1550 2296 Majoris
1568 2255 1711 2285 Excom-

327 2302 578 2332 municacionis
589 2305 623 2332 et
636 2303 925 2333 interminacione
936 2302 1196 2332 malediccionis
1206 2304 1336 2339 eterne,
1349 2303 1389 2330 ut
1402 2300 1604 2330 obedienter
1615 2308 1711 2338 pare-

327 2348 387 2375 ant
404 2343 654 2385 Superioribus¹
673 2347 744 2377 suis
760 2347 795 2377 in
812 2347 917 2377 licitis
934 2350 969 2377 et
987 2347 1170 2377 Canonicis
1188 2345 1374 2383 Mandatis,
1391 2348 1426 2375 et
1443 2344 1633 2383 condignas
1650 2353 1713 2383 pro

328 2389 462 2419 meritis
479 2391 715 2421 eorreceiones
733 2391 891 2429 subeant,
909 2391 1009 2431 juxta
1026 2390 1208 2429 Regularis
1225 2388 1487 2420 observanciam
1505 2387 1694 2426 Discipline
1704 2401 1711 2424 ;

327 2443 413 2473 quas
430 2434 666 2465 correcciones
684 2435 712 2465 si
736 2435 933 2474 effugerint,
951 2438 1012 2465 aut
1037 2435 1152 2465 subire
1178 2433 1332 2464 indebite
1356 2431 1606 2470 recusaverint,
1623 2441 1711 2470 pene

328 2478 554 2508 ammocionis
571 2479 730 2518 superius
747 2482 913 2509 annotate
925 2479 1131 2519 subjaceant
1144 2479 1218 2518 ipso
1234 2477 1487 2514 facta—ITEM,
1499 2475 1712 2515 precipimus

327 2524 362 2551 et
391 2522 592 2553 ordinamus
620 2523 711 2562 quod
739 2523 898 2554 defectus
923 2524 959 2553 in
992 2523 1214 2561 Dormitorio,
1242 2521 1450 2559 Refectorio,
1476 2525 1511 2551 et
1540 2519 1710 2557 Claustro,

328 2566 464 2605 publice
490 2569 526 2597 et
557 2568 691 2598 notorie
723 2567 958 2605 imminentes,
987 2569 1227 2606 competenter
1257 2568 1473 2605 reparentur,
1497 2563 1711 2604 quamcicius

328 2610 515 2641 facultates
533 2611 735 2642 Monasterii
753 2614 953 2652 suppetant,
970 2611 1064 2641 infra
1080 2611 1259 2641 biennium
1284 2620 1304 2640 a
1325 2612 1482 2649 tempore
1499 2608 1712 2647 recepcionis

328 2654 562 2693 Presencium,
580 2655 644 2686 sub
660 2665 751 2695 pena
769 2655 1150 2687 Excommunicacionis
1174 2653 1477 2694 Majoris.—ITEM,
1493 2651 1711 2692 injungimus

328 2701 363 2728 et
391 2699 598 2730 mandamus
630 2703 669 2730 ut
702 2700 835 2730 faciant
867 2700 956 2730 ostia
981 2700 1133 2730 Claustri
1165 2699 1259 2728 horis
1287 2697 1566 2737 competentibus
1598 2695 1710 2726 claudi

329 2743 476 2773 firmiter
492 2746 527 2773 et
545 2745 672 2781 serari3
696 2754 760 2775 nec
784 2745 931 2774 mittant
954 2744 1029 2783 ipsi,
1047 2746 1108 2774 aut
1132 2743 1341 2783 permittant
1365 2744 1498 2772 ceteros
1523 2739 1711 2771 Monaehos

329 2786 531 2817 Monasterii
557 2788 725 2827 sepedicti
752 2789 904 2827 mittere,
928 2791 989 2818 aut
1013 2788 1174 2826 vendere,
1198 2796 1335 2827 panem,
1361 2785 1552 2823 servisiam,
1578 2792 1710 2820 carnes,

1317 2834 1710 2845 —-.-—.--...

601 2865 608 2887 ¹
627 2866 645 2881 “
658 2867 857 2910 Superius,”
876 2868 948 2900 MS.
962 2882 970 2907 ;
994 2878 1015 2899 a
1030 2867 1168 2899 clerica!
1185 2876 1290 2898 error.
