1907 3212
153 316 247 360 652

151 427 225 452 A.D.

151 462 223 485 1388.

151 494 212 519 Vol.
231 493 254 520 Ι.

347 327 447 360 THE
483 327 725 361 REGISTER
760 327 822 360 OF
857 327 1036 360 BISHOP
1070 327 1475 360 BRANTYNGHAM.

305 429 420 460 chiani
441 430 593 460 Ecclesie
617 429 830 460 Parochialis
854 429 895 460 de
923 429 1115 470 Hemyoke,
1143 432 1179 461 et
1205 427 1353 470 (blank),
1378 440 1524 470 quorum
1548 429 1691 460 nomina

304 474 512 511 ignorantur
542 474 674 513 pariter
705 476 740 504 et
770 484 927 514 persone,
956 474 1109 505 decimas
1140 475 1327 513 garbarum
1359 478 1394 505 et
1425 474 1521 513 alias,
1553 473 1690 514 prefate

306 518 458 548 Ecclesie
485 520 520 548 et
546 518 695 548 Domino
723 518 872 548 Ricardo
898 518 1028 558 Spicer,
1055 519 1194 549 Rectori
1224 518 1391 559 ejusdem,
1416 519 1562 556 debitas,
1587 520 1623 548 et
1647 517 1691 548 ad

304 562 443 592 eosdem
460 562 687 602 pertinentes,
705 564 823 601 preter
846 564 881 593 et
905 565 1027 593 contra
1051 563 1268 593 voluntatem
1292 563 1401 603 ipsius
1419 563 1586 600 Rectoris,
1604 562 1689 592 deti-

304 609 389 636 nent
407 608 440 636 et
458 609 630 646 occupant
647 607 763 636 minus
778 607 881 646 juste,
893 609 997 646 prout
1014 617 1055 637 ex
1072 609 1172 646 parte
1189 607 1273 637 dicti
1290 607 1447 637 Rectoris
1460 607 1560 637 nobis
1573 606 1691 636 extitit

304 650 517 686 intimatum,
535 657 620 687 etc.;
646 651 753 688 vobis,
778 651 895 690 igitur,
913 652 1129 691 conjunctim
1153 654 1188 681 et
1213 651 1361 689 divisim,
1379 651 1632 681 committimus
1656 652 1691 680 et

304 695 512 724 mandamus
528 695 692 734 quatinus
709 695 866 734 prefatos
882 695 1123 735 parochianos,
1141 698 1176 725 et
1192 695 1288 734 alios,
1305 695 1428 735 primo,
1446 695 1607 733 secundo,
1624 696 1690 725 etc.

308 736 359 778 (in
378 739 432 768 she
449 749 599 768 common
610 737 891 779 form).—Dated
909 740 1062 778 London,
1079 740 1123 769 20
1138 739 1249 779 April.

259 792 530 838 Uffculme‚—

261 847 422 885 Thomas,
431 851 508 886 etc.,
520 848 700 887 Magistris
718 848 852 887 Rogero
864 848 963 888 Payn
979 857 1020 878 ac
1032 848 1186 878 VValtero
1203 847 1408 888 Nywatone,
1420 847 1464 878 ad
1476 846 1691 878 visitandum

306 891 490 929 Ecclesias,
507 894 584 929 etc.,
601 892 917 923 Archidiaconatus
934 892 1140 923 Exoniensis
1158 892 1415 923 Commissariis
1437 902 1500 932 per
1522 901 1586 922 nos
1608 891 1691 930 legi-

304 936 390 966 time
422 936 608 976 deputatis,
634 937 792 975 salutern,
818 937 1003 967 etc—The
1033 946 1202 967 revenues
1233 936 1270 966 of
1300 936 1474 967 Uffculme
1504 935 1575 965 had
1604 935 1694 965 been

305 981 545 1020 sequestrated
569 981 727 1019 because,
752 984 789 1011 at
813 981 872 1011 the
896 981 1098 1019 Visitation,
1115 981 1175 1011 the
1201 981 1337 1018 Rector,
1356 980 1411 1011 Sir
1427 980 1578 1010 Thomas
1601 979 1691 1009 Mar-

305 1028 397 1061 tone,
414 1024 483 1054 had
507 1024 615 1055 failed
639 1028 675 1056 to
699 1025 793 1055 shew
810 1025 865 1055 his
888 1025 966 1055 title
990 1025 1059 1055 and
1083 1025 1137 1055 his
1162 1025 1299 1056 Letters
1323 1023 1360 1055 of
1383 1024 1532 1061 Orders;
1556 1024 1599 1054 he
1623 1023 1694 1053 had

305 1068 555 1108 subsequently
570 1069 746 1109 produced
762 1070 858 1107 both,
874 1069 994 1100 before
1011 1069 1071 1100 the
1096 1069 1236 1109 Bishop,
1253 1069 1323 1100 and
1346 1069 1406 1100 the
1431 1067 1693 1109 Sequestration

303 1122 376 1143 was
392 1116 428 1143 to
445 1113 487 1144 be
504 1113 610 1144 taken
627 1114 675 1143 off
694 1112 805 1153 (same
823 1111 933 1154 date).

154 1177 247 1203 sMffl·
261 1177 446 1228 Glasney‚
468 1178 537 1216 the
558 1178 776 1229 Collegiate
796 1179 955 1216 Church
976 1179 1017 1216 of
1032 1192 1042 1226 3
1071 1178 1271 1228 Inspeccio
1297 1177 1573 1216 Fundacionis
1600 1177 1694 1214 Pre-

151 1212 209 1241 us]

309 1233 487 1281 positure
517 1233 683 1270 Ecclesie
716 1233 924 1282 Colleqiate
953 1234 997 1270 de
1030 1233 1248 1282 Glaseneye‚
1277 1239 1311 1270 et
1338 1231 1693 1282 Appropriacionis

314 1287 480 1323 Ecclesia
501 1287 640 1324 Sancti
662 1287 804 1324 Helori
826 1285 899 1339 [St.
924 1287 968 1323 M
971 1285 1143 1339 ylor]‚—

263 1341 433 1372 Omnibus
460 1342 590 1373 Christi
618 1342 779 1373 fidelibus
805 1343 989 1373 Presentes
1015 1343 1150 1373 Literas
1181 1341 1401 1382 inspecturis,
1427 1341 1588 1379 Thomas,
1614 1342 1690 1378 etc.‚

152 1780 198 1808 fol.
214 1780 281 1808 lsob

307 1386 466 1424 salutem,
490 1387 748 1417 ete—Noverit
774 1387 994 1417 Universitas
1017 1390 1134 1417 vestra
1158 1396 1221 1416 nos
1253 1387 1388 1416 Literas
1412 1386 1501 1416 bone
1525 1385 1691 1415 memorie

307 1430 447 1461 Domini
465 1431 561 1461 Petri
579 1429 745 1471 [Quivil]7
763 1431 827 1461 Dei
849 1431 968 1470 gracia
991 1431 1165 1471 quondam
1191 1430 1396 1460 Exoniensis
1421 1429 1593 1469 Episcopi,
1611 1429 1690 1459 Pre-

307 1475 497 1505 decessoris
513 1476 635 1513 nostri,
653 1485 757 1515 super
774 1476 996 1505 Fundacione
1013 1478 1047 1505 et
1072 1475 1303 1505 Ordinacione
1328 1475 1550 1514 Prepositure
1575 1473 1691 1504 Eccle-

307 1519 357 1549 sie
373 1522 491 1549 nostre
510 1519 700 1559 Collegiate
720 1519 839 1550 Sancti
857 1519 997 1557 Thome,
1011 1519 1175 1557 Martiris,
1194 1519 1235 1549 de
1254 1519 1437 1558 Glasneya,
1451 1519 1488 1548 in
1506 1517 1690 1555 Cornubia,

306 1572 347 1594 ac
372 1563 520 1601 Unione‚
549 1564 764 1601 Annexione,
789 1566 823 1594 et
847 1563 1144 1603 Appropriacione
1170 1563 1322 1593 Ecclesie
1355 1562 1473 1592 Sancti
1498 1561 1630 1599 Melori,
1656 1561 1691 1591 in

308 1607 482 1637 Cornubia
505 1607 655 1648 prefata,
680 1608 792 1638 eidem
818 1608 1040 1647 Prepositure
1064 1618 1126 1647 per
1149 1608 1281 1637 dictum
1306 1607 1589 1637 Predecessorem
1614 1615 1690 1636 nos-

307 1657 399 1681 trum
425 1652 491 1682 rite
516 1654 551 1682 et
578 1652 751 1682 Canonice
775 1651 889 1690 factis,
908 1651 1096 1690 confectas,
1114 1661 1154 1681 ac
1178 1651 1302 1690 sig-illis
1325 1651 1482 1691 ejusdem
1508 1650 1690 1680 Predeces-

307 1696 394 1726 soris
410 1696 532 1734 nostri,
549 1706 686 1726 necnon
710 1696 840 1726 Decani
865 1699 900 1726 et
925 1695 1077 1735 Capituli
1103 1696 1256 1726 Ecclesie
1279 1701 1397 1726 nostre
1423 1694 1638 1732 Exoniensis,
1655 1693 1692 1723 in

307 1749 386 1770 cera
409 1740 512 1770 viridi
535 1740 780 1780 pendentibus,
798 1741 1030 1779 consignatas,
1054 1740 1255 1779 inspexisse,
1272 1741 1430 1769 tenorem
1455 1739 1513 1778 qui
1537 1738 1694 1778 sequitur

305 1794 367 1823 per
383 1785 500 1814 onmia
517 1784 986 1822 continentes‚—Universis,
1003 1787 1080 1821 etc.‚
1098 1784 1233 1821 Petrus
1250 1783 1469 1814 etc.——Sicud
1486 1782 1618 1813 Civitas
1634 1782 1693 1811 illa

308 1838 454 1866 summa,
488 1828 617 1858 Sancta
648 1829 840 1859 Ierusalem
872 1828 1049 1868 spiritalis,
1081 1828 1220 1868 quando
1251 1827 1522 1867 gloriosissimus
1555 1826 1688 1863 Martir,

307 1872 466 1907 Thomas,
486 1872 748 1903 Cantuariensis
765 1873 1065 1912 Archiepiscopus,
1083 1872 1126 1902 ad
1151 1875 1269 1902 eterne
1293 1873 1363 1902 vite
1388 1871 1596 1909 convivium,
1613 1880 1692 1900 cum

307 1917 489 1946 Fratribus
507 1917 577 1947 suis
593 1917 808 1956 epulaturus,
826 1917 978 1955 advenit,
990 1917 1110 1955 gavisa
1126 1922 1179 1947 est
1195 1926 1323 1946 novum
1342 1916 1407 1946 sibi
1424 1916 1531 1955 sydus
1547 1924 1691 1945 aureum

307 1961 440 1998 sociari,
458 1967 562 2000 prout
579 1961 620 1991 de
638 1961 713 2001 ipso
732 1961 860 1991 Sancta
877 1961 969 1991 canit
988 1961 1236 1991 Ecclesia—De
1253 1960 1350 1999 cujus
1365 1960 1521 1998 passione
1544 1959 1691 1996 yaudent

307 2004 428 2042 Anyeli
452 2008 482 2034 et
506 2005 634 2035 Filium
658 2006 720 2035 Dei
745 2005 912 2041 laudant,-
947 2005 997 2035 ita
1021 2010 1056 2035 et
1080 2005 1143 2035 hec
1167 2004 1312 2035 inferior
1337 2004 1502 2041 Ecclesia,
1526 2003 1691 2033 videlicet

306 2049 510 2087 Anglicana,
536 2049 736 2079 fervencius
760 2050 933 2089 suspirare
958 2049 1100 2080 deberet
1128 2049 1164 2079 in
1195 2049 1361 2079 honorem
1389 2048 1546 2088 ejusdem
1572 2047 1692 2077 Sancti

307 2103 432 2123 novam
458 2093 493 2122 in
519 2093 633 2132 aliquo
658 2095 710 2123 sui
735 2094 811 2124 vico
835 2094 1013 2123 lucernam
1031 2094 1173 2131 erigere,
1192 2103 1257 2132 que
1274 2102 1420 2123 accensa
1444 2092 1553 2132 possit
1577 2094 1688 2121 trans-

307 2137 471 2167 euntibus
495 2138 644 2176 posteris
669 2138 803 2167 elucere
819 2152 826 2174 ;
851 2140 883 2167 et
903 2148 942 2167 eo
960 2138 1071 2176 magis
1088 2138 1202 2177 ipsum
1222 2137 1389 2167 Sanctum
1407 2136 1531 2176 majori
1548 2145 1689 2165 venera-

307 2181 403 2211 cione
422 2182 581 2220 prosequi
599 2189 631 2211 ct
651 2182 780 2211 honore
798 2185 959 2211 tenemur
975 2192 1041 2221 quo
1058 2192 1120 2220 pro
1139 2181 1293 2211 Ecclesia
1311 2181 1422 2211 Matre
1439 2184 1569 2218 nostra,
1587 2189 1690 2219 quam

305 2226 494 2264 regendam
523 2230 733 2264 susceperat,
762 2225 978 2265 protegenda
1009 2231 1131 2256 contra
1157 2225 1384 2255 ascendentes
1411 2235 1451 2255 ex
1483 2224 1628 2254 adverso
1654 2224 1689 2253 in

306 2270 471 2299 continua
488 2270 618 2299 milicia
635 2271 743 2299 vitam
762 2270 843 2309 egit,
861 2273 895 2300 et
919 2280 981 2309 pro
1006 2270 1161 2300 Ecclesia
1185 2274 1323 2300 certans
1339 2269 1439 2299 vivus
1455 2269 1527 2298 vite
1551 2277 1690 2298 cursum

305 2313 341 2343 in
367 2313 522 2343 Ecclesia
546 2314 609 2343 sub
635 2314 780 2344 sathane
806 2314 1016 2344 satellitibus
1040 2314 1154 2352 gladio
1179 2313 1310 2344 crudeli
1334 2313 1514 2343 confessus
1530 2312 1689 2342 victorio·

306 2358 441 2387 sissime
459 2359 724 2388 consummavit.
774 2358 858 2395 Hac,
877 2358 994 2397 igitur,
1012 2361 1137 2393 motus,
1156 2358 1247 2388 inter
1271 2360 1414 2395 ceteras,
1432 2357 1571 2387 racione
1596 2366 1688 2386 reco-

306 2401 406 2431 lende
435 2402 611 2439 memorie,
639 2402 812 2432 Walterus
838 2400 1144 2441 [Bronescombe]y
1176 2402 1349 2441 quondam
1382 2401 1586 2431 Exoniensis
1611 2400 1690 2440 Epi-

305 2455 439 2484 scopus,
468 2452 587 2475 noster
612 2446 789 2485 proximus
818 2446 1055 2483 Predecessor,
1080 2447 1115 2475 in
1140 2446 1374 2485 prenominati
1406 2445 1524 2475 Sancti
1549 2445 1698 2482 Thome,

305 2490 405 2529 cujus
422 2500 548 2519 nomen
565 2497 617 2519 est
636 2490 670 2519 in
688 2490 886 2520 refricando
903 2500 1018 2527 suave⁷
1037 2491 1213 2527 honorem,
1233 2490 1461 2528 Collegiatam
1488 2489 1688 2525 Ecclesiam,

305 2534 341 2563 in
365 2544 432 2573 qua
456 2534 613 2573 ejusdem
639 2533 758 2563 Sancti
782 2535 950 2564 memoria
973 2535 1173 2564 veneranda
1188 2535 1332 2573 vigeret,
1350 2535 1442 2573 apud
1468 2533 1688 2572 Glasneyam,

304 2577 409 2617 hujus
438 2578 642 2608 Exoniensis
670 2578 835 2615 Diocesis,
863 2579 994 2618 incepit
1019 2582 1238 2615 construcre3
1273 2582 1334 2616 set,
1360 2578 1404 2607 ad
1430 2577 1690 2617 Metropolitani

304 2632 405 2661 quem
422 2622 657 2652 venerabatur
679 2622 896 2652 consorcium
922 2622 1180 2661 Suffraganeus,
1200 2623 1271 2652 Deo
1295 2622 1518 2662 precipiente,
1536 2624 1689 2658 vocatus,

305 2676 547 2695 consummare
564 2666 731 2705 nequivit.
780 2666 861 2704 Nos,
880 2666 998 2705 igitur,
1015 2667 1059 2696 ad
1077 2667 1193 2696 Divini
1212 2666 1334 2696 Cultus
1359 2668 1597 2705 augmentum,
1614 2667 1687 2694 tam

305 2709 478 2739 laudabile
509 2711 735 2749 propositum,
763 2720 899 2740 summa
931 2711 1157 2740 Providencia
1189 2711 1426 2750 permittente,
1453 2710 1497 2739 ad
1528 2712 1687 2748 optatum

304 2754 494 2791 perducere
513 2754 693 2793 cupientes
716 2754 899 2791 effectum3
924 2755 1184 2784 considerantes
1207 2755 1297 2794 quod
1322 2754 1417 2784 locus
1441 2754 1498 2783 ille
1523 2753 1564 2782 de
1591 2753 1686 2783 Glas-

304 2807 392 2836 neya
411 2797 454 2826 ab
473 2798 627 2827 Ecclesia
643 2804 762 2827 nostra
780 2798 965 2828 Exoniensi
989 2798 1074 2828 adeo
1099 2802 1151 2828 est
1174 2801 1329 2828 remotus
1353 2798 1443 2837 quod
1468 2797 1629 2836 regimini
1653 2800 1688 2828 et

305 2850 385 2870 cure
402 2841 511 2880 ipsius
534 2852 596 2871 nos
621 2847 656 2871 et
681 2842 904 2873 Successores
927 2843 1037 2872 nostri
1061 2843 1291 2882 personaliter
1306 2842 1487 2872 intendere
1504 2851 1573 2871 non
1596 2842 1686 2871 vale-

305 2894 403 2921 mus;
437 2885 479 2913 ob
505 2885 606 2924 quod,
635 2886 662 2915 si
694 2885 933 2916 inmediaciori
967 2886 1113 2917 Rectore
1144 2889 1289 2924 careret,
1316 2886 1557 2916 ministrantes
1588 2885 1624 2916 in
1648 2895 1688 2916 eo
