1907 3212
172 385 245 411 ΑΒ.

170 420 241 445 1390.

172 451 231 477 Vol.
256 453 276 477 1.

161 1453 205 1478 sol.
222 1454 279 1478 214.

368 286 467 318 THE
504 287 745 321 REGISTER.
781 289 842 321 OF
877 289 1054 323 BISHOP
1090 290 1494 326 BRANTYNGHAM.

331 389 500 427 (flavium,
519 391 645 421 Divina
662 392 852 422 celebravit
870 392 990 424 Officia
1013 400 1048 424 et
1065 394 1150 425 alias
1175 394 1352 426 inmiscuit
1369 406 1404 427 se
1429 396 1579 434 eisdem3
1605 405 1708 436 super

328 434 453 473 quibus
471 436 658 474 supplicari
682 435 767 466 fecit
792 436 973 468 humiliter
997 438 1061 467 sibi
1086 448 1148 478 per
1173 439 1297 470 Sedem
1321 439 1557 480 Apostolicam
1574 440 1707 471 miseri-

326 478 478 509 corditer
501 480 686 518 provideri.
733 481 815 519 Nos,
832 481 950 521 igitur,
967 482 1188 513 Auctoritate
1211 483 1351 514 Domini
1367 484 1471 524 Pape,
1489 485 1589 525 cujus
1607 484 1706 515 Peni-

325 523 502 560 tenciarie,
520 524 554 553 in
573 524 737 554 absencia
755 525 959 564 Reverendi,
977 532 1054 564 etc.‚
1073 526 1259 565 Francisci,
1277 528 1381 558 Tituli
1405 529 1531 559 Sancte
1550 528 1706 559 Susanne

326 567 514 597 Presbiteri
549 568 755 606 Cardinalis,
788 569 871 600 dicti
905 571 1044 600 Domini
1076 571 1170 611 Pape
1203 571 1345 611 Majoris
1376 573 1634 610 Penitenciarii,
1662 573 1705 603 ad

324 621 467 650 presens
495 622 612 642 curam
642 613 806 653 regimus,
835 616 870 643 et
894 614 936 643 de
962 614 1071 654 ipsius
1097 615 1236 646 Domini
1265 616 1357 656 Pape
1383 616 1644 655 Commissione,
1670 617 1705 647 111

324 655 452 685 talibus
476 657 689 695 generaliter
713 657 811 687 nobis
839 657 944 692 faeta,
971 658 1287 699 Circumspeccioni
1312 663 1427 691 vestre
1453 661 1706 691 committimus

322 700 496 739 quatinus,
526 701 553 731 si
582 704 634 731 est
666 702 726 739 ita,
754 704 939 741 postquam
965 703 1058 733 dicto
1084 704 1224 741 Abbati,
1253 704 1417 744 injuriam
1445 715 1557 744 passo,
1584 705 1612 736 si
1635 715 1705 735 non

322 744 504 782 satisfecit,
530 745 742 776 satisfecerit
768 749 1016 786 competenter,
1042 747 1155 787 ipsum
1182 748 1340 778 Fratrem
1364 759 1384 778 a
1408 749 1502 779 dicta
1520 749 1706 780 Sentencia

321 797 355 818 et
381 799 523 819 excessu
547 789 748 829 hujusmodi
773 790 963 822 absolvatis
987 791 1022 821 in
1047 791 1161 822 forma
1178 792 1332 823 Ecclesie
1357 796 1534 824 consueta.
1581 793 1636 831 Et,
1654 793 1704 823 in·

321 832 443 872 juncta
474 833 554 863 inde
587 834 663 872 sibi,
696 834 916 865 Auctoritate
947 836 1116 875 predicta,
1148 846 1210 876 pro
1242 837 1344 867 modo
1376 837 1475 876 culpe
1507 837 1705 876 penitencia

321 877 476 915 salutari,
494 880 529 908 et
546 878 624 908 aliis
642 879 683 908 de
705 878 782 918 jure
806 879 1042 919 injungendis⁷
1061 890 1169 920 eoque
1186 881 1230 911 ad
1253 887 1402 921 tempus,
1420 884 1525 921 prout
1542 881 1703 921 expedire

320 921 487 959 videritis,
505 932 525 952 a
543 933 683 952 suorum
703 922 872 953 Ordinum
894 924 1101 954 exeeucione
1118 934 1296 964 suspenso,
1314 926 1465 963 demum,
1483 925 1704 965 suffraganti-

321 966 385 996 bus
410 966 480 997 suis
505 967 640 997 meritis
664 967 801 1007 alioque
827 968 1002 998 Canonico
1027 979 1097 999 non
1119 969 1291 1008 obstante,
1315 979 1418 1009 super
1445 969 1704 1009 irregularitate

320 1011 413 1041 dicto
438 1011 540 1041 modo
565 1014 746 1042 contracta
773 1012 993 1051 dispensetis,
1023 1013 1143 1042 eadem
1173 1013 1404 1051 Auctoritate,
1433 1014 1705 1044 misericorditer

319 1065 397 1084 cum
423 1055 733 1086 eodeni.—Datum
760 1056 877 1093 Rome,
903 1057 995 1096 apud
1022 1057 1188 1087 Sanctum
1214 1058 1368 1096 Petrum,
1393 1058 1457 1088 sub
1482 1058 1595 1097 sigillo
1619 1058 1703 1088 dicti

320 1099 463 1140 Majoris
481 1099 739 1138 Penitenciarii,
758 1111 801 1130 xv
819 1100 997 1131 Kalendas
1013 1101 1107 1139 Julii,
1126 1101 1356 1132 Pontificatus
1373 1102 1513 1132 Domini
1531 1101 1703 1132 Bonifacii

319 1143 412 1183 Pape
430 1144 522 1174 Noni
538 1144 640 1174 Anno
656 1144 769 1183 primo
789 1142 849 1184 [17
866 1145 967 1183 June,
987 1143 1306 1184 1390].—Qua1·um
1332 1146 1529 1176 Literarum
1554 1146 1702 1176 auctori-

322 1191 406 1226 tate,
424 1188 505 1227 quia
521 1187 719 1218 invenimus
737 1192 903 1228 suggesta
926 1189 962 1218 in
987 1189 1118 1219 eisdem
1143 1189 1251 1220 fuisse
1276 1193 1310 1220 et
1334 1200 1409 1221 esse
1434 1200 1526 1228 vera,
1544 1190 1701 1221 satisfac-

317 1232 415 1262 cione
436 1232 529 1262 dicto
554 1232 683 1262 Abbati
704 1233 898 1272 prehabita,
923 1233 1150 1274 injunctaque
1173 1234 1311 1273 prefato
1329 1234 1443 1265 Fratri
1461 1235 1622 1272 Roberto,
1640 1245 1702 1274 pro

318 1277 420 1307 modo
444 1277 554 1316 culpe>
579 1277 777 1316 penitencia
801 1277 956 1315 salutari,
981 1278 1144 1308 videlicet
1167 1282 1206 1308 ut
1231 1279 1376 1318 singulis
1401 1279 1616 1318 septimanis,
1640 1289 1702 1318 per

317 1332 425 1351 unum
442 1332 574 1351 annum
590 1321 767 1360 integrum
785 1332 805 1351 a
828 1325 986 1361 tempore
1010 1333 1077 1362 quo
1102 1322 1272 1362 inceperit
1294 1323 1479 1361 celebrare,
1496 1333 1602 1353 unam
1620 1323 1700 1353 Mis-

318 1376 391 1396 sam
421 1366 462 1395 de
490 1365 657 1405 Requiem
682 1376 744 1405 pro
772 1366 969 1395 animarum
994 1366 1102 1405 ipsius
1130 1367 1278 1397 Abbatis
1302 1370 1337 1397 et
1364 1367 1520 1397 omnium
1546 1367 1699 1398 fidelium

316 1410 564 1440 defunctorum
589 1410 701 1440 salute
730 1410 890 1445 celebret,
919 1412 980 1440 aut
1008 1410 1114 1440 faciet
1141 1411 1319 1449 celebrari,
1344 1414 1389 1449 et,
1419 1411 1566 1451 singulis
1593 1411 1700 1442 sextis

317 1454 415 1485 feriis
431 1465 494 1494 per
510 1457 649 1493 tempus
673 1454 924 1493 supradictum,
942 1465 1041 1494 pane,
1059 1455 1236 1494 ligumine,
1261 1458 1294 1485 et
1312 1458 1397 1494 potu
1414 1456 1631 1486 solummodo
1655 1455 1700 1486 sit

316 1502 512 1535 contentus,
537 1509 578 1529 ac
602 1508 709 1538 usque
734 1499 778 1528 ad
803 1499 946 1529 Festum
969 1499 1106 1529 Natalis
1124 1499 1263 1529 Domini
1287 1499 1443 1539 proximo
1466 1499 1626 1529 futurum
1644 1510 1698 1530 ex-

315 1543 445 1574 clusive
463 1553 483 1573 a
501 1543 686 1573 Missarum
704 1543 879 1573 abstineat
897 1543 1133 1573 celebracione
1150 1546 1184 1573 et
1209 1544 1286 1573 aliis
1311 1544 1352 1574 de
1369 1544 1445 1583 jure
1462 1543 1698 1583 injungendis,

316 1588 359 1618 ab
376 1587 578 1627 hujusmodi
600 1587 786 1617 Sentencia
810 1589 844 1617 et
869 1597 1011 1618 excessu
1036 1588 1249 1618 absolvimus
1265 1588 1300 1617 in
1318 1588 1432 1618 forma
1450 1588 1602 1618 Ecclesie
1620 1598 1698 1619 con-

317 1634 426 1662 sueta.
490 1632 534 1661 Et
567 1631 718 1668 demum,
752 1631 1026 1670 suffragantibus
1058 1632 1130 1661 suis
1162 1631 1296 1662 meritis
1328 1632 1491 1671 nulloque
1524 1632 1699 1663 Canonico

315 1677 487 1711 obstante,
506 1686 610 1714 super
626 1675 896 1713 irregularitate,
911 1676 1004 1706 dicto
1022 1676 1122 1706 modo
1139 1678 1329 1713 contracta,
1344 1677 1464 1706 eadem
1478 1677 1698 1710 auctoritate.

315 1720 594 1760 dispensavimus
610 1720 884 1750 misericorditer
900 1731 978 1750 cum
997 1721 1291 1750 eodem.>—--Dated
1308 1724 1344 1750 at
1359 1721 1467 1760 Clyst,
1485 1721 1528 1751 26
1545 1721 1631 1751 Nov⁴

269 1777 300 1813 A
321 1788 431 1824 gross
462 1787 550 1811 case
581 1773 622 1810 of
653 1774 944 1824 Iri-egularity3
980 1775 1177 1811 Absolucio
1218 1774 1267 1811 W.
1300 1775 1527 1823 illarymcm,
1556 1775 1698 1813 Missas

322 1829 542 1866 celebrantis
562 1835 649 1865 (mle
669 1829 937 1876 suscepcionem
960 1828 1120 1866 Ordinis
1141 1829 1486 1874 Presbz'teratus‚--

274 1884 464 1922 Universis‚
481 1887 557 1917 etc„
576 1883 736 1921 Thomas,
763 1883 1020 1914 etc—Noverit
1048 1883 1267 1914 Universitas
1290 1888 1407 1914 vestra
1431 1894 1493 1914 nos
1509 1883 1696 1914 Dominum

316 1929 527 1959 Willelmum
553 1928 746 1967 Maryman,
773 1938 889 1958 coram
916 1928 1014 1957 nobis
1031 1928 1228 1959 confessum
1247 1938 1351 1968 super
1366 1938 1406 1958 eo
1420 1929 1513 1968 quod
1530 1929 1565 1958 in
1585 1928 1699 1959 Sacris

317 1973 504 2003 Ordinibus
531 1972 809 2002 Subdiaconatus
835 1975 869 2002 et
902 1973 1124 2010 Diaconatus,
1157 1976 1238 2003 ante
1270 1972 1529 2012 suscepcionem
1557 1972 1697 2002 Ordinis

315 2017 582 2053 Presbiteratus,
602 2017 725 2046 Missas
742 2017 940 2051 celebravit,
958 2020 992 2047 et
1016 2023 1147 2055 postea,
1165 2017 1294 2056 absque
1311 2017 1580 2056 Dispensacione
1599 2017 1698 2047 Sedis

315 2061 523 2101 Apostoliee,
549 2061 592 2091 ad
618 2061 783 2090 Ordinem
810 2061 1004 2091 Sacerdocii
1023 2071 1058 2091 se
1076 2061 1160 2091 fecit
1177 2061 1382 2100 promoveri,
1401 2067 1434 2091 et
1463 2064 1547 2091 tunc
1577 2061 1696 2091 Sacra·
1732 2065 1735 2069 ⁴

315 2110 431 2136 menta
449 2112 483 2135 et
503 2105 786 2139 Sacramentalia,
803 2105 899 2134 nulla
912 2105 1182 2144 Dispensacionc
1194 2116 1211 2135 a
1228 2105 1314 2135 Sede
1325 2105 1525 2144 Apostolica
1542 2105 1696 2143 obtenta,

315 2150 461 2180 (liversis
479 2149 608 2180 Christi
628 2149 801 2179 Fidelibus
819 2149 1043 2187 ministravit,
1061 2149 1104 2179 ab
1121 2149 1188 2179 hiis
1204 2149 1366 2188 peccatis,
1378 2152 1549 2188 quatenus
1563 2149 1604 2179 de
1619 2149 1696 2189 jure

316 2194 413 2225 nobis
431 2199 482 2224 cst.
501 2193 720 2233 permissum,
737 2193 936 2231 absolvisse,
955 2197 989 2236 et
1014 2193 1246 2233 penitenciam
1273 2193 1303 2223 ei
1328 2193 1520 2233 injunxisse
1544 2203 1606 2232 pro
1624 2193 1695 2223 suis

315 2238 510 2269 commissis
526 2237 727 2277 hujusmodi
744 2237 779 2266 in
798 2237 946 2267 Domino
965 2238 1153 2267 salutarem
1169 2252 1175 2274 3
1201 2238 1295 2267 salva
1320 2237 1591 2277 Dispensacione
1616 2237 1695 2267 Sodi

314 2283 512 2323 Apostolicc
538 2292 641 2321 super
665 2281 934 2319 irregmlaritate,
960 2282 987 2311 si
1005 2292 1108 2321 quam
1127 2292 1166 2312 ex
1185 2282 1298 2311 causis
1316 2281 1493 2321 premissis
1510 2281 1695 2321 quomodo-

313 2328 399 2357 libet
417 2326 786 2357 incurrebat—Dated
804 2328 839 2355 at
858 2326 966 2365 Clyst,
983 2325 1025 2357 27
1044 2326 1129 2356 NoV.

267 2381 437 2419 General
462 2380 715 2417 Licence—to
735 2380 977 2424 celebrate,—

271 2438 372 2474 Item,
390 2436 529 2473 ibidem,
547 2435 711 2465 vicesimo
729 2437 852 2464 octavo
869 2435 924 2464 die
942 2435 1071 2465 mensis
1089 2435 1306 2473 Novembris,
1332 2434 1501 2465 ,Dominus
1526 2434 1695 2465 concessit

316 2480 508 2511 Licenciam
537 2479 706 2515 Johanne,
735 2479 854 2509 relicte
882 2479 1045 2509 willelmi
1073 2479 1318 2518 Brythclegzhe,
1338 2479 1429 2518 quod
1454 2479 1562 2518 possit
1580 2479 1694 2508 facere

313 2525 480 2555 celebrari
499 2523 634 2560 Divina,
652 2533 713 2562 per
728 2523 940 2562 presbiteros
957 2524 1120 2563 ydoneos,
1138 2523 1173 2552 in
1196 2533 1257 2553 sua
1282 2522 1471 2562 presencia,
1496 2523 1532 2552 in
1557 2522 1694 2562 quibus-

313 2579 460 2609 cumque
483 2567 634 2607 Capellis
654 2567 725 2597 sive
752 2567 930 2605 Oratoriis‚
955 2570 1017 2597 aut
1041 2568 1118 2597 aliis
1134 2567 1218 2597 locis
1235 2567 1391 2597 honestis
1411 2566 1504 2597 infra
1522 2567 1694 2597 Diocesim

313 2624 410 2643 suam
429 2612 659 2642 Exoniensem
678 2611 823 2641 ubilibet
841 2611 999 2648 situatis3
1022 2611 1065 2641 ad
1082 2611 1340 2651 beneplacitum
1358 2611 1508 2649 Domini,
1525 2614 1591 2641 etc.

265 2665 453 2718 Lydford,
485 2665 553 2702 the
584 2664 895 2702 Parisii-Chureh
929 2664 993 2711 οἷς
1021 2678 1045 2701 3
1075 2664 1275 2702 reluctant
1304 2664 1499 2713 Chaplain
1529 2664 1562 2700 is
1595 2677 1694 2701 com-

319 2719 448 2770 pelled
469 2724 511 2756 to
531 2732 642 2756 serve
663 2718 819 2755 there-in
840 2719 881 2754 in
902 2718 971 2755 the
989 2718 1157 2755 absence
1177 2718 1218 2755 of
1238 2718 1305 2755 the
1326 2718 1558 2762 Rect0r,¹—

157 2806 165 2825 ¹
185 2807 268 2837 This
293 2807 479 2836 document
504 2814 574 2834 was
598 2814 683 2844 very
703 2804 888 2843 carelessly
957 2804 1043 2834 been
1062 2804 1230 2843 supplied,
1254 2803 1377 2833 within
1402 2802 1574 2840 brackets,
1600 2801 1691 2833 from

201 2851 333 2890 copied.
369 2849 475 2888 Many
492 2849 606 2878 words
623 2858 713 2878 were
731 2848 887 2885 omitted,
956 2847 1016 2878 the
1049 2848 1170 2878 Letter
1200 2847 1237 2877 of
1269 2847 1324 2877 sir
1355 2847 1447 2878 John
1473 2846 1692 2886 Langeleghe

200 2895 269 2925 and
293 2894 321 2924 it
347 2895 475 2924 cannot
506 2892 547 2922 bc
573 2892 766 2922 translated
791 2901 829 2922 as
861 2892 888 2921 it
956 2891 1113 2922 referred
1130 2894 1166 2922 to
1183 2894 1219 2922 at
1236 2891 1295 2933 the
1311 2891 1389 2922 end.

200 2938 332 2970 stands.
381 2937 452 2967 The
482 2935 628 2975 missing
660 2936 772 2966 words
800 2935 887 2966 have
