1907 3212
124 270 209 317 xvi
773 281 1006 314 PREFAGE.

123 390 298 426 maxima
318 388 555 433 reverencia,
579 387 737 436 recepit,
769 416 776 423 .
809 415 816 423 .
850 416 856 422 .
891 415 897 423 .
929 386 1032 423 etin
1060 384 1281 434 predictam
1303 384 1568 423 Exoniensem
1591 383 1662 423 Ec-

123 443 294 488 clesiam,
316 455 405 479 cum
433 446 556 478 cantu
586 453 655 490 per
681 440 809 477 dictos
838 438 1072 484 canonicos,
1094 442 1182 484 etc.,
1205 438 1254 477 de
1282 438 1391 476 facto
1419 438 1593 485 induxit,
1617 452 1662 477 ac

123 498 247 535 eciam
267 496 317 533 ad
345 496 551 532 Summum
574 495 717 531 Altare
743 493 921 542 ejusdem
936 506 946 539 3
973 498 1014 530 et
1040 492 1242 542 quandam
1271 492 1523 531 Oracionem¹
1545 506 1663 542 super

123 551 275 588 dictum
298 550 515 586 Dominum
547 548 877 585 Cantuariensem
900 546 1271 596 Archiepiscopum‚
1294 546 1441 584 ibidem
1471 548 1664 597 genuflec-

124 608 275 642 tentem
296 608 337 640 et
357 604 624 647 incurvatum,
648 601 752 638 idem
775 601 973 638 Dominus
1005 601 1244 638 Exoniensis
1266 601 1486 651 Episcopus
1506 601 1664 650 publice

124 657 239 694 dixit.
299 656 388 701 Qua
408 656 604 693 Oracione
633 656 760 700 finita,
782 654 887 692 idem
918 655 1115 692 Dominus
1145 683 1152 690 .
1187 686 1193 692 .
1227 685 1234 692 .
1265 654 1417 693 dictum
1446 655 1663 693 Dominum

124 711 457 749 Cantuariensem
491 709 849 758 Archiepiscopum
883 709 925 745 in
960 708 1166 746 Palacium
1198 722 1324 754 suum,
1361 722 1482 758 prope
1514 709 1664 746 dictam

126 765 392 802 Exoniensem
416 764 632 800 Ecclesiam
653 764 861 808 situatum,
884 762 1058 808 induxit,
1075 768 1117 800 et
1135 763 1177 800 in
1198 763 1371 813 quadam
1391 776 1548 800 camera
1567 763 1666 800 dicti

124 819 287 856 Domini
319 818 557 855 Exoniensis
588 818 774 866 Episcopi
796 816 901 854 idem
923 817 1120 854 Dominus
1141 817 1445 855 Cantuariensis
1467 817 1667 866 Archiepi-

124 886 275 922 scopus,
308 872 486 909 vestibus
516 872 597 908 suis
628 872 668 907 in
697 871 841 920 quibus
861 870 1073 920 equitabat
1101 884 1142 908 se
1175 884 1336 917 exuens,
1368 871 1457 908 aliis
1486 870 1666 909 vestibus

125 925 414 964 honorabiliter
447 939 488 963 se
522 926 698 969 vestivit,
730 929 771 962 et
805 926 1087 970 incontinenti,
1114 938 1195 962 una
1226 938 1315 963 cum
1350 925 1474 971 dicto»
1493 925 1667 962 Domino

126 980 346 1017 Exoniensi
377 980 583 1028 Episcopo,
616 979 840 1024 Canonicis,
869 982 957 1024 etc.‚
982 983 1024 1016 et
1052 979 1177 1017 eciam
1206 992 1296 1017 cum
1325 980 1414 1017 aliis
1443 979 1493 1017 de
1521 979 1667 1028 populo

125 1034 232 1072 dicte
252 1033 443 1071 Civitatis
474 1033 713 1070 Exoniensis
743 1034 782 1069 in
812 1033 1075 1071 multitudine
1101 1034 1270 1082 copiosa,
1305 1065 1310 1071 .
1344 1064 1350 1071 .
1384 1064 1391 1071 .
1422 1033 1474 1070 ad
1493 1033 1667 1070 Domum

125 1088 397 1137 Capitularem
411 1087 518 1124 dicte
536 1087 774 1124 Exoniensis
796 1087 971 1124 Ecclesie
991 1088 1255 1136 personaliter
1269 1089 1446 1133 accessit,
1463 1091 1504 1125 et
1519 1086 1668 1124 ibidem

126 1141 308 1180 Verbum
328 1142 404 1179 Dei
424 1141 582 1190 publice
610 1142 652 1177 in
677 1141 835 1190 Lingua
865 1142 1011 1178 Latina
1039 1143 1257 1191 proposuit,
1278 1145 1484 1191 assumpto
1503 1141 1579 1178 sibi
1598 1153 1670 1190 pro

130 1196 318 1241 themate,
341 1197 381 1232 in
403 1196 607 1244 presencia
636 1195 917 1244 predictorum,
940 1196 981 1231 in
1005 1195 1115 1232 dicta
1138 1195 1268 1232 Domo
1292 1196 1517 1245 Capitulari
1536 1194 1671 1233 seden—

128 1251 231 1287 cium
267 1255 308 1287 et
341 1251 551 1294 stancium,
595 1249 765 1286 Visicabo
794 1249 897 1286 sicut
929 1249 1083 1294 Pastor,
1120 1249 1298 1287 Ezechiel
1327 1250 1471 1299 xxxiiij
1490 1262 1521 1286 c.
1581 1248 1669 1293 Quo

129 1304 254 1349 finito,
289 1334 294 1341 .
329 1334 336 1341 .
368 1334 375 1340 .
408 1334 414 1341 .
449 1302 690 1340 Mandatum
713 1316 827 1340 suum
858 1303 1165 1352 supradictum,2
1186 1317 1266 1340 una
1294 1317 1382 1341 cum
1404 1302 1670 1352 Indulgencia

128 1357 241 1395 Sedis
270 1357 503 1406 Apostolice
532 1356 609 1394 sibi
634 1370 706 1406 pro
732 1357 984 1395 Visitacione
1011 1370 1082 1394 sua
1110 1357 1341 1407 hujusmodi
1363 1356 1585 1395 exercenda
1614 1357 1670 1393 in-

128 1412 254 1458 dulta,
277 1416 318 1449 et
338 1411 632 1449 Cei-tificatorio
651 1411 751 1448 dicti
772 1411 936 1448 Domini
967 1411 1153 1461 Episcopi
1175 1412 1425 1458 Exoniensis,
1448 1411 1607 1460 publice
1627 1411 1669 1447 in

128 1466 257 1503 Domo
278 1465 503 1515 Capitulari
532 1465 713 1514 predicta
742 1465 819 1514 legi
847 1465 954 1502 fecit.
1014 1466 1069 1502 Et
1097 1470 1187 1514 post
1218 1466 1412 1503 lecturam
1442 1465 1601 1503 Clerum
1630 1468 1672 1501 et

128 1519 330 1569 populum,
352 1524 486 1568 preter
515 1532 661 1568 paucos
690 1518 739 1556 de
769 1519 933 1556 Clericis
963 1520 1044 1556 suis
1073 1533 1170 1568 quos
1200 1533 1331 1558 secum
1362 1524 1459 1557 tunc
1489 1520 1668 1564 retinuit,

129 1575 304 1611 Domum
325 1573 599 1622 Capitularem
620 1572 841 1622 predictam
863 1574 971 1610 exire
991 1573 1112 1620 fecit,
1142 1578 1183 1611 et
1212 1573 1365 1611 dictum
1388 1573 1671 1612 Reverendum

129 1628 302 1673 Patrem,
336 1627 576 1676 Episcopum
610 1627 888 1672 Exoniensem,
920 1628 962 1664 in
997 1627 1135 1664 eadem
1170 1628 1299 1666 Domo
1333 1628 1558 1677 Capitulari
1592 1640 1673 1664 una

129 1695 218 1719 cum
238 1695 284 1719 eo
304 1681 508 1719 sedentem
537 1695 626 1719 cum
656 1681 776 1718 dictis
805 1681 969 1719 Clericis
998 1682 1090 1727 suis,
1113 1695 1231 1731 super
1260 1686 1371 1719 statu
1400 1681 1507 1720 dicte
1527 1682 1674 1719 Exoni·

129 1736 234 1773 ensis
269 1735 445 1773 Ecclesie
474 1740 516 1773 et
553 1735 642 1772 aliis
679 1736 799 1773 certis
836 1735 1050 1772 Articulis³
1086 1748 1295 1784 personam
1334 1736 1435 1774 dicti
1474 1736 1671 1786 Episcopi,

129 1789 433 1835 Canonicorum,
456 1794 543 1835 etc.,
567 1789 912 1835 concernentibus,
940 1802 1011 1838 per
1037 1789 1190 1827 dictum
1218 1791 1436 1828 Dominum
1463 1790 1674 1828 Cantuari-

129 1856 263 1881 ensem
284 1843 641 1893 Archiepiscopum
661 1844 806 1881 seriose
826 1848 868 1881 et
887 1843 981 1880 viva
1010 1857 1105 1881 voce
1131 1844 1260 1882 eidem
1282 1845 1456 1882 Domino
1478 1845 1674 1894 Episcopo

131 1898 349 1935 Exoniensi
381 1898 584 1947 expositis,
617 1897 832 1947 diligenter
860 1898 1118 1943 examinavit,
1150 1902 1192 1936 et
1220 1899 1349 1948 ipsum
1382 1899 1564 1936 visitavit
1591 1910 1675 1946 per-

131 1951 322 1989 sonaliter
341 1964 348 1996 ;
369 1956 420 1997 et,
436 1956 526 2000 post
542 1951 834 1989 Visitacionem
859 1951 1090 2001 hujusmodi
1105 1952 1255 1989 factam
1271 1952 1320 1990 de
1340 1952 1449 1990 dicto
1465 1952 1672 2001 Episcopo,

132 2005 237 2042 idem
272 2005 466 2042 Dominus
501 2005 806 2043 Cantuariensis
838 2005 1186 2055 Archiepiscopus,
1218 2019 1299 2043 una
1325 2020 1414 2044 cum
1448 2006 1600 2044 clericis
1634 2010 1675 2042 et

129 2058 396 2096 familiaribus
426 2060 518 2105 suis,
541 2060 583 2096 in
613 2073 750 2097 mensa
778 2073 867 2097 cum
897 2059 1006 2097 dicto
1036 2061 1209 2098 Domino
1240 2061 1435 2110 Episcopo
1456 2060 1676 2098 Exoniensi

129 2113 270 2150 extitit
290 2113 374 2161 ipso
402 2112 466 2150 die
494 2114 753 2162 solempniter
780 2118 1044 2163 procuratus;
1079 2120 1121 2152 et
1149 2115 1191 2151 in
1226 2119 1342 2152 nocte
1371 2114 1555 2164 sequenti
1584 2143 1591 2151 .
1625 2143 1632 2151 .
1665 2142 1672 2150 .

129 2179 219 2204 cum
254 2166 393 2204 Nobili
428 2167 610 2212 Muliere,
644 2168 818 2205 Domina
853 2168 1069 2205 Comitissa
1108 2166 1309 2215 Devbnie,
1343 2173 1472 2206 matre
1510 2181 1592 2213 sua,
1633 2168 1675 2204 in

131 2219 303 2269 quodam
342 2220 519 2270 hospicio
563 2235 644 2266 suo,
691 2221 795 2271 quod
840 2226 937 2259 tunc
977 2217 1115 2260 eadem
1156 2223 1330 2260 Domina
1368 2222 1475 2272 apud
1515 2222 1676 2259 Fratres

134 2274 311 2312 Minores
331 2274 438 2312 dicte
469 2275 659 2312 Civitatis
690 2276 930 2313 Exoniensis
955 2276 1224 2322 inhabitabat,
1247 2276 1380 2314 fuerat
1410 2276 1646 2325 hospitatus.

186 2328 248 2365 On
267 2328 335 2365 the
359 2328 454 2365 15th
475 2328 517 2366 of
536 2329 679 2366 March
696 2329 764 2366 the
782 2330 1038 2379 Arohbishop
1051 2330 1302 2368 commenced
1319 2330 1381 2368 his
1396 2330 1622 2367 Visitation
1637 2327 1678 2366 of

133 2381 202 2419 the
219 2382 333 2419 Dean
349 2382 429 2419 and
443 2382 631 2432 Chapter,
649 2382 729 2419 and
746 2383 964 2432 proceeded
982 2384 1079 2421 with
1096 2384 1130 2421 it
1142 2389 1186 2421 at
1199 2385 1394 2422 intervals
1409 2384 1472 2422 till
1488 2384 1557 2421 the
1581 2381 1676 2420 18th

177 2477 185 2496 ¹
213 2479 427 2553 SgefflBishop
454 2479 575 2519 Lacy’s
599 2479 735 2510 “Liber
760 2480 1005 2512 Pontificalis”
1033 2480 1168 2521 (edited
1191 2481 1237 2521 by
1264 2482 1377 2522 Ralph
1402 2482 1545 2520 Barnes,
1564 2478 1677 2520 1847),

132 2533 221 2563 page
307 2547 312 2553 .

177 2565 190 2585 ²
213 2567 271 2598 See
287 2577 376 2606 page
394 2568 468 2597 511.

177 2608 190 2628 ³
214 2611 271 2641 See
287 2621 375 2651 page
400 2611 595 2651 60.—They
621 2612 714 2642 shew
738 2612 798 2643 the
822 2613 1080 2653 thoroughness
1105 2613 1142 2644 of
1165 2614 1225 2645 the
1250 2614 1534 2653 Archiepiscopal
1550 2612 1677 2644 Visita-

134 2654 219 2685 tion.
267 2655 467 2695 Courtenay
491 2666 573 2693 was,
591 2656 780 2695 evidently,
798 2666 817 2686 a
842 2658 954 2696 grand
978 2657 1170 2696 character,
1188 2658 1258 2688 and
1281 2658 1324 2688 he
1349 2657 1525 2697 governecl
1551 2657 1635 2687 with
1659 2666 1680 2686 a

134 2699 211 2728 firm
231 2699 298 2728 and
324 2699 540 2729 determined
566 2699 669 2730 hand.
720 2701 773 2730 He
798 2711 869 2731 was
894 2701 1027 2731 careful
1052 2704 1088 2732 to
1112 2702 1209 2741 place
1233 2701 1323 2741 fully
1347 2712 1391 2731 on
1415 2701 1547 2739 record,
1565 2701 1601 2730 in
1624 2700 1680 2731 his

134 2743 303 2781 Register,
321 2743 381 2773 the
399 2743 626 2782 proceedings
644 2743 681 2774 of
698 2744 751 2774 his
769 2744 970 2783 Visitation,
984 2746 1070 2775 with
1087 2746 1147 2776 the
1164 2745 1448 2785 Archiepiscopal
1465 2745 1533 2776 and
1552 2744 1678 2775 Metro-

134 2786 289 2825 politica]
314 2787 500 2827 privileges
525 2788 594 2817 and
622 2788 850 2827 immunities‚
876 2789 932 2820 for
957 2789 1018 2820 the
1049 2790 1220 2829 guidance
1249 2789 1319 2820 aud
1343 2789 1540 2829 protection
1566 2787 1603 2820 of
1626 2789 1680 2819 his

139 2839 345 2861 successors.
