<?xml version="1.0" encoding="UTF-8"?>
<!DOCTYPE html PUBLIC "-//W3C//DTD XHTML 1.0 Transitional//EN"
    "http://www.w3.org/TR/xhtml1/DTD/xhtml1-transitional.dtd">
<html xmlns="http://www.w3.org/1999/xhtml" xml:lang="en" lang="en">
 <head>
  <title>
</title>
<meta http-equiv="Content-Type" content="text/html;charset=utf-8" />
  <meta name='ocr-system' content='tesseract 3.04.00' />
  <meta name='ocr-capabilities' content='ocr_page ocr_carea ocr_par ocr_line ocrx_word'/>
</head>
<body>
  <div class='ocr_page' id='page_1' title='image "./registerofthomas02cathuoft_0028.png"; bbox 0 0 1907 3212; ppageno 0'>
   <div class='ocr_carea' id='block_1_1' title="bbox 162 289 1047 336">
    <p class='ocr_par' dir='ltr' id='par_1_1' title="bbox 162 289 1047 336">
     <span class='ocr_line' id='line_1_1' title="bbox 162 289 1047 336; baseline 0.001 -2"><span class='ocrx_word' id='word_1_1' title='bbox 162 289 263 335; x_wconf 83' lang='lat' dir='ltr'>xxii</span> <span class='ocrx_word' id='word_1_2' title='bbox 816 302 1047 336; x_wconf 82' lang='lat' dir='ltr'>PREFACE.</span> 
     </span>
    </p>
   </div>
   <div class='ocr_carea' id='block_1_2' title="bbox 140 405 1703 2854">
    <p class='ocr_par' dir='ltr' id='par_1_2' title="bbox 140 405 1703 2854">
     <span class='ocr_line' id='line_1_2' title="bbox 161 405 1703 456; baseline 0.001 -14"><span class='ocrx_word' id='word_1_3' title='bbox 161 406 404 456; x_wconf 85' lang='lat' dir='ltr'>Dignitates,</span> <span class='ocrx_word' id='word_1_4' title='bbox 427 416 497 445; x_wconf 78' lang='lat' dir='ltr'>aut</span> <span class='ocrx_word' id='word_1_5' title='bbox 519 409 762 446; x_wconf 88' lang='lat' dir='ltr'>Personatus</span> <span class='ocrx_word' id='word_1_6' title='bbox 784 409 845 445; x_wconf 86' lang='lat' dir='ltr'>vel</span> <span class='ocrx_word' id='word_1_7' title='bbox 865 409 1014 454; x_wconf 88' lang='lat' dir='ltr'>Officia,</span> <span class='ocrx_word' id='word_1_8' title='bbox 1038 410 1162 446; x_wconf 89' lang='lat' dir='ltr'>eciam</span> <span class='ocrx_word' id='word_1_9' title='bbox 1182 409 1224 445; x_wconf 91' lang='lat' dir='ltr'>in</span> <span class='ocrx_word' id='word_1_10' title='bbox 1246 407 1434 446; x_wconf 85' lang='lat' dir='ltr'>Ecclesiis</span> <span class='ocrx_word' id='word_1_11' title='bbox 1455 405 1703 445; x_wconf 84' lang='lat' dir='ltr'>Cathedrali—</span> 
     </span>
     <span class='ocr_line' id='line_1_3' title="bbox 160 459 1700 511; baseline 0.001 -15"><span class='ocrx_word' id='word_1_12' title='bbox 160 459 244 505; x_wconf 85' lang='lat' dir='ltr'>bus,</span> <span class='ocrx_word' id='word_1_13' title='bbox 267 461 430 508; x_wconf 84' lang='lat' dir='ltr'>fuerint,</span> <span class='ocrx_word' id='word_1_14' title='bbox 462 464 494 499; x_wconf 91' lang='lat' dir='ltr'>si</span> <span class='ocrx_word' id='word_1_15' title='bbox 523 476 593 511; x_wconf 90' lang='lat' dir='ltr'>per</span> <span class='ocrx_word' id='word_1_16' title='bbox 621 464 890 511; x_wconf 88' lang='lat' dir='ltr'>privacionem</span> <span class='ocrx_word' id='word_1_17' title='bbox 920 476 988 500; x_wconf 89' lang='lat' dir='ltr'>seu</span> <span class='ocrx_word' id='word_1_18' title='bbox 1018 464 1274 508; x_wconf 86' lang='lat' dir='ltr'>amocionem,</span> <span class='ocrx_word' id='word_1_19' title='bbox 1298 463 1359 500; x_wconf 92' lang='lat' dir='ltr'>vel</span> <span class='ocrx_word' id='word_1_20' title='bbox 1389 462 1700 500; x_wconf 87' lang='lat' dir='ltr'>declaracionem</span> 
     </span>
     <span class='ocr_line' id='line_1_4' title="bbox 156 515 1700 566; baseline 0.002 -16"><span class='ocrx_word' id='word_1_21' title='bbox 156 515 408 562; x_wconf 80' lang='lat' dir='ltr'>privacionis,</span> <span class='ocrx_word' id='word_1_22' title='bbox 440 517 524 564; x_wconf 81' lang='lat' dir='ltr'>ipso</span> <span class='ocrx_word' id='word_1_23' title='bbox 552 518 640 565; x_wconf 85' lang='lat' dir='ltr'>jure</span> <span class='ocrx_word' id='word_1_24' title='bbox 669 530 739 565; x_wconf 89' lang='lat' dir='ltr'>per</span> <span class='ocrx_word' id='word_1_25' title='bbox 768 516 1127 566; x_wconf 77' lang='lat' dir='ltr'>Metropolitanum</span> <span class='ocrx_word' id='word_1_26' title='bbox 1157 517 1297 562; x_wconf 82' lang='lat' dir='ltr'>factas,</span> <span class='ocrx_word' id='word_1_27' title='bbox 1327 522 1481 562; x_wconf 88' lang='lat' dir='ltr'>vacent,</span> <span class='ocrx_word' id='word_1_28' title='bbox 1511 518 1600 566; x_wconf 82' lang='lat' dir='ltr'>jure</span> <span class='ocrx_word' id='word_1_29' title='bbox 1629 529 1700 553; x_wconf 91' lang='lat' dir='ltr'>suo</span> 
     </span>
     <span class='ocr_line' id='line_1_5' title="bbox 157 568 1699 621; baseline 0.003 -18"><span class='ocrx_word' id='word_1_30' title='bbox 157 568 362 615; x_wconf 79' lang='lat' dir='ltr'>conferre,-</span> <span class='ocrx_word' id='word_1_31' title='bbox 394 571 718 607; x_wconf 72' lang='lat' dir='ltr'>Permutaciones</span> <span class='ocrx_word' id='word_1_32' title='bbox 742 570 1031 608; x_wconf 86' lang='lat' dir='ltr'>Beneficiorum</span> <span class='ocrx_word' id='word_1_33' title='bbox 1061 572 1308 608; x_wconf 77' lang='lat' dir='ltr'>auctorizare</span> <span class='ocrx_word' id='word_1_34' title='bbox 1337 578 1379 608; x_wconf 85' lang='lat' dir='ltr'>et</span> <span class='ocrx_word' id='word_1_35' title='bbox 1408 571 1699 621; x_wconf 86' lang='lat' dir='ltr'>resignaciones</span> 
     </span>
     <span class='ocr_line' id='line_1_6' title="bbox 155 621 1698 671; baseline 0.003 -14"><span class='ocrx_word' id='word_1_36' title='bbox 155 621 368 659; x_wconf 73' lang='lat' dir='ltr'>admittere</span> <span class='ocrx_word' id='word_1_37' title='bbox 385 636 394 668; x_wconf 64' lang='grc' dir='ltr'><em>ς</em></span> <span class='ocrx_word' id='word_1_38' title='bbox 426 624 619 669; x_wconf 78' lang='lat' dir='ltr'>Abbates,</span> <span class='ocrx_word' id='word_1_39' title='bbox 656 624 904 670; x_wconf 79' lang='lat' dir='ltr'>Abbatissas,</span> <span class='ocrx_word' id='word_1_40' title='bbox 936 632 977 662; x_wconf 90' lang='lat' dir='ltr'>et</span> <span class='ocrx_word' id='word_1_41' title='bbox 1007 626 1164 663; x_wconf 80' lang='lat' dir='ltr'>Priores</span> <span class='ocrx_word' id='word_1_42' title='bbox 1194 625 1353 662; x_wconf 90' lang='lat' dir='ltr'>Electos</span> <span class='ocrx_word' id='word_1_43' title='bbox 1382 626 1624 671; x_wconf 85' lang='lat' dir='ltr'>confirmare,</span> <span class='ocrx_word' id='word_1_44' title='bbox 1657 630 1698 661; x_wconf 90' lang='lat' dir='ltr'>et</span> 
     </span>
     <span class='ocr_line' id='line_1_7' title="bbox 155 675 1696 728; baseline 0.003 -17"><span class='ocrx_word' id='word_1_45' title='bbox 155 675 408 713; x_wconf 84' lang='lat' dir='ltr'>confirmatos</span> <span class='ocrx_word' id='word_1_46' title='bbox 431 677 672 723; x_wconf 84' lang='lat' dir='ltr'>benedicere,</span> <span class='ocrx_word' id='word_1_47' title='bbox 695 679 728 715; x_wconf 90' lang='lat' dir='ltr'>si</span> <span class='ocrx_word' id='word_1_48' title='bbox 748 678 799 715; x_wconf 87' lang='lat' dir='ltr'>ad</span> <span class='ocrx_word' id='word_1_49' title='bbox 821 678 1182 728; x_wconf 78' lang='lat' dir='ltr'>Metropolitanum</span> <span class='ocrx_word' id='word_1_50' title='bbox 1203 684 1412 717; x_wconf 87' lang='lat' dir='ltr'>recurrant</span> <span class='ocrx_word' id='word_1_51' title='bbox 1428 693 1438 725; x_wconf 79' lang='lat'><em>3</em></span> <span class='ocrx_word' id='word_1_52' title='bbox 1467 679 1625 716; x_wconf 80' lang='lat' dir='ltr'>Priores</span> <span class='ocrx_word' id='word_1_53' title='bbox 1645 691 1696 715; x_wconf 80' lang='lat' dir='ltr'>ex</span> 
     </span>
     <span class='ocr_line' id='line_1_8' title="bbox 151 731 1691 782; baseline 0.003 -17"><span class='ocrx_word' id='word_1_54' title='bbox 151 731 278 766; x_wconf 86' lang='lat' dir='ltr'>causis</span> <span class='ocrx_word' id='word_1_55' title='bbox 302 731 488 780; x_wconf 81' lang='lat' dir='ltr'>legitimis</span> <span class='ocrx_word' id='word_1_56' title='bbox 510 745 704 777; x_wconf 86' lang='lat' dir='ltr'>amovere,</span> <span class='ocrx_word' id='word_1_57' title='bbox 727 738 769 769; x_wconf 90' lang='lat' dir='ltr'>et</span> <span class='ocrx_word' id='word_1_58' title='bbox 789 733 887 770; x_wconf 87' lang='lat' dir='ltr'>alios</span> <span class='ocrx_word' id='word_1_59' title='bbox 907 734 1094 782; x_wconf 87' lang='lat' dir='ltr'>preficere</span> <span class='ocrx_word' id='word_1_60' title='bbox 1125 734 1210 770; x_wconf 93' lang='grc'>1000</span> <span class='ocrx_word' id='word_1_61' title='bbox 1230 747 1365 770; x_wconf 90' lang='lat' dir='ltr'>eorum</span> <span class='ocrx_word' id='word_1_62' title='bbox 1384 747 1393 779; x_wconf 78' lang='lat'><em>3</em></span> <span class='ocrx_word' id='word_1_63' title='bbox 1422 733 1691 778; x_wconf 78' lang='lat' dir='ltr'>Testamenta,</span> 
     </span>
     <span class='ocr_line' id='line_1_9' title="bbox 151 784 1694 836; baseline 0.003 -18"><span class='ocrx_word' id='word_1_64' title='bbox 151 784 286 828; x_wconf 89' lang='lat' dir='ltr'>eciam,</span> <span class='ocrx_word' id='word_1_65' title='bbox 311 784 645 831; x_wconf 84' lang='lat' dir='ltr'>beneficiatorum,</span> <span class='ocrx_word' id='word_1_66' title='bbox 669 792 710 823; x_wconf 88' lang='lat' dir='ltr'>et</span> <span class='ocrx_word' id='word_1_67' title='bbox 731 786 925 824; x_wconf 88' lang='lat' dir='ltr'>nobilium</span> <span class='ocrx_word' id='word_1_68' title='bbox 945 801 1216 836; x_wconf 88' lang='lat' dir='ltr'>personarum,</span> <span class='ocrx_word' id='word_1_69' title='bbox 1239 788 1455 832; x_wconf 83' lang='lat' dir='ltr'>insinuare,</span> <span class='ocrx_word' id='word_1_70' title='bbox 1478 794 1519 824; x_wconf 88' lang='lat' dir='ltr'>et</span> <span class='ocrx_word' id='word_1_71' title='bbox 1548 787 1694 824; x_wconf 88' lang='lat' dir='ltr'>exami-</span> 
     </span>
     <span class='ocr_line' id='line_1_10' title="bbox 153 839 1694 888; baseline 0.003 -15"><span class='ocrx_word' id='word_1_72' title='bbox 153 850 247 874; x_wconf 89' lang='lat' dir='ltr'>nare</span> <span class='ocrx_word' id='word_1_73' title='bbox 276 843 315 875; x_wconf 90' lang='lat' dir='ltr'>et</span> <span class='ocrx_word' id='word_1_74' title='bbox 345 839 576 888; x_wconf 86' lang='lat' dir='ltr'>approbare,</span> <span class='ocrx_word' id='word_1_75' title='bbox 599 854 643 877; x_wconf 87' lang='lat' dir='ltr'>ac</span> <span class='ocrx_word' id='word_1_76' title='bbox 675 840 869 878; x_wconf 90' lang='lat' dir='ltr'>bonorum</span> <span class='ocrx_word' id='word_1_77' title='bbox 899 855 1060 879; x_wconf 87' lang='lat' dir='ltr'>suorum</span> <span class='ocrx_word' id='word_1_78' title='bbox 1082 842 1484 886; x_wconf 87' lang='lat' dir='ltr'>Administraciones,</span> <span class='ocrx_word' id='word_1_79' title='bbox 1506 842 1630 878; x_wconf 86' lang='lat' dir='ltr'>eciam</span> <span class='ocrx_word' id='word_1_80' title='bbox 1660 842 1694 877; x_wconf 90' lang='lat' dir='ltr'>si</span> 
     </span>
     <span class='ocr_line' id='line_1_11' title="bbox 149 890 1693 944; baseline 0.003 -17"><span class='ocrx_word' id='word_1_81' title='bbox 149 890 201 927; x_wconf 89' lang='lat' dir='ltr'>ab</span> <span class='ocrx_word' id='word_1_82' title='bbox 220 892 414 929; x_wconf 87' lang='lat' dir='ltr'>intestato</span> <span class='ocrx_word' id='word_1_83' title='bbox 435 893 688 939; x_wconf 77' lang='lat' dir='ltr'>decesserint,</span> <span class='ocrx_word' id='word_1_84' title='bbox 711 897 987 942; x_wconf 73' lang='lat' dir='ltr'>committere,</span> <span class='ocrx_word' id='word_1_85' title='bbox 1008 896 1175 942; x_wconf 77' lang='lat' dir='ltr'>fructus,</span> <span class='ocrx_word' id='word_1_86' title='bbox 1200 895 1391 941; x_wconf 87' lang='lat' dir='ltr'>redditus,</span> <span class='ocrx_word' id='word_1_87' title='bbox 1414 901 1455 933; x_wconf 87' lang='lat' dir='ltr'>et</span> <span class='ocrx_word' id='word_1_88' title='bbox 1475 901 1693 944; x_wconf 86' lang='lat' dir='ltr'>proventus</span> 
     </span>
     <span class='ocr_line' id='line_1_12' title="bbox 148 948 1692 999; baseline 0.003 -18"><span class='ocrx_word' id='word_1_89' title='bbox 148 957 485 996; x_wconf 89' lang='lat' dir='ltr'>quorumcumque</span> <span class='ocrx_word' id='word_1_90' title='bbox 516 948 806 986; x_wconf 84' lang='lat' dir='ltr'>Beneficiorum</span> <span class='ocrx_word' id='word_1_91' title='bbox 835 951 1069 987; x_wconf 77' lang='lat' dir='ltr'>vac-aucium</span> <span class='ocrx_word' id='word_1_92' title='bbox 1098 951 1390 999; x_wconf 88' lang='lat' dir='ltr'>provenientes,</span> <span class='ocrx_word' id='word_1_93' title='bbox 1421 950 1622 999; x_wconf 87' lang='lat' dir='ltr'>percipere</span> <span class='ocrx_word' id='word_1_94' title='bbox 1651 952 1692 986; x_wconf 88' lang='lat' dir='ltr'>et</span> 
     </span>
     <span class='ocr_line' id='line_1_13' title="bbox 147 998 1692 1053; baseline 0.004 -19"><span class='ocrx_word' id='word_1_95' title='bbox 147 998 355 1047; x_wconf 87' lang='lat' dir='ltr'>disponere</span> <span class='ocrx_word' id='word_1_96' title='bbox 384 1001 432 1038; x_wconf 89' lang='lat' dir='ltr'>de</span> <span class='ocrx_word' id='word_1_97' title='bbox 462 1002 619 1039; x_wconf 88' lang='lat' dir='ltr'>eisdem.</span> <span class='ocrx_word' id='word_1_98' title='bbox 680 1003 845 1049; x_wconf 89' lang='lat' dir='ltr'>Verum,</span> <span class='ocrx_word' id='word_1_99' title='bbox 867 1005 971 1053; x_wconf 90' lang='lat' dir='ltr'>quia,</span> <span class='ocrx_word' id='word_1_100' title='bbox 995 1004 1343 1042; x_wconf 86' lang='lat' dir='ltr'>Reverendissime</span> <span class='ocrx_word' id='word_1_101' title='bbox 1373 1004 1505 1049; x_wconf 88' lang='lat' dir='ltr'>Pater,</span> <span class='ocrx_word' id='word_1_102' title='bbox 1536 1016 1607 1053; x_wconf 91' lang='lat' dir='ltr'>per</span> <span class='ocrx_word' id='word_1_103' title='bbox 1635 1004 1692 1039; x_wconf 89' lang='lat' dir='ltr'>in-</span> 
     </span>
     <span class='ocr_line' id='line_1_14' title="bbox 145 1055 1690 1108; baseline 0.003 -19"><span class='ocrx_word' id='word_1_104' title='bbox 145 1055 387 1101; x_wconf 88' lang='lat' dir='ltr'>speccionem</span> <span class='ocrx_word' id='word_1_105' title='bbox 423 1056 770 1094; x_wconf 86' lang='lat' dir='ltr'>Munimentorum</span> <span class='ocrx_word' id='word_1_106' title='bbox 804 1071 850 1095; x_wconf 91' lang='lat' dir='ltr'>ac</span> <span class='ocrx_word' id='word_1_107' title='bbox 890 1059 1168 1108; x_wconf 83' lang='lat' dir='ltr'>Registrorum</span> <span class='ocrx_word' id='word_1_108' title='bbox 1210 1059 1484 1095; x_wconf 88' lang='lat' dir='ltr'>Precessorum</span> <span class='ocrx_word' id='word_1_109' title='bbox 1524 1063 1565 1095; x_wconf 92' lang='lat' dir='ltr'>et</span> <span class='ocrx_word' id='word_1_110' title='bbox 1599 1058 1690 1094; x_wconf 85' lang='lat' dir='ltr'>Pre-</span> 
     </span>
     <span class='ocr_line' id='line_1_15' title="bbox 146 1106 1690 1160; baseline 0.002 -16"><span class='ocrx_word' id='word_1_111' title='bbox 146 1106 392 1145; x_wconf 88' lang='lat' dir='ltr'>decessorum</span> <span class='ocrx_word' id='word_1_112' title='bbox 425 1117 661 1156; x_wconf 88' lang='lat' dir='ltr'>vestrorum,</span> <span class='ocrx_word' id='word_1_113' title='bbox 684 1125 755 1160; x_wconf 92' lang='lat' dir='ltr'>pro</span> <span class='ocrx_word' id='word_1_114' title='bbox 785 1112 1025 1150; x_wconf 77' lang='lat' dir='ltr'>relevamine</span> <span class='ocrx_word' id='word_1_115' title='bbox 1055 1113 1298 1150; x_wconf 80' lang='lat' dir='ltr'>consciencie</span> <span class='ocrx_word' id='word_1_116' title='bbox 1326 1125 1421 1157; x_wconf 90' lang='lat' dir='ltr'>mee,</span> <span class='ocrx_word' id='word_1_117' title='bbox 1454 1125 1541 1149; x_wconf 84' lang='lat' dir='ltr'>suni</span> <span class='ocrx_word' id='word_1_118' title='bbox 1570 1111 1690 1148; x_wconf 82' lang='lat' dir='ltr'>infor-</span> 
     </span>
     <span class='ocr_line' id='line_1_16' title="bbox 146 1163 1686 1215; baseline 0.003 -18"><span class='ocrx_word' id='word_1_119' title='bbox 146 1167 278 1198; x_wconf 90' lang='lat' dir='ltr'>matus</span> <span class='ocrx_word' id='word_1_120' title='bbox 299 1163 402 1212; x_wconf 90' lang='lat' dir='ltr'>quod</span> <span class='ocrx_word' id='word_1_121' title='bbox 434 1164 684 1202; x_wconf 84' lang='lat' dir='ltr'>Precessores</span> <span class='ocrx_word' id='word_1_122' title='bbox 705 1170 746 1203; x_wconf 88' lang='lat' dir='ltr'>et</span> <span class='ocrx_word' id='word_1_123' title='bbox 767 1166 1068 1204; x_wconf 86' lang='lat' dir='ltr'>Predecessores</span> <span class='ocrx_word' id='word_1_124' title='bbox 1088 1168 1223 1211; x_wconf 90' lang='lat' dir='ltr'>vestri,</span> <span class='ocrx_word' id='word_1_125' title='bbox 1247 1167 1500 1215; x_wconf 78' lang='lat' dir='ltr'>interpolatis</span> <span class='ocrx_word' id='word_1_126' title='bbox 1524 1165 1686 1211; x_wconf 89' lang='lat' dir='ltr'>vicibus,</span> 
     </span>
     <span class='ocr_line' id='line_1_17' title="bbox 145 1217 1689 1264; baseline 0.003 -13"><span class='ocrx_word' id='word_1_127' title='bbox 145 1217 345 1264; x_wconf 83' lang='lat' dir='ltr'>premissa,</span> <span class='ocrx_word' id='word_1_128' title='bbox 374 1217 725 1256; x_wconf 76' lang='lat' dir='ltr'>Pei-mutacionum</span> <span class='ocrx_word' id='word_1_129' title='bbox 755 1221 1140 1257; x_wconf 85' lang='lat' dir='ltr'>auctorizacionibus</span> <span class='ocrx_word' id='word_1_130' title='bbox 1169 1226 1211 1258; x_wconf 89' lang='lat' dir='ltr'>et</span> <span class='ocrx_word' id='word_1_131' title='bbox 1238 1221 1445 1257; x_wconf 82' lang='lat' dir='ltr'>fructuum</span> <span class='ocrx_word' id='word_1_132' title='bbox 1475 1219 1689 1257; x_wconf 85' lang='lat' dir='ltr'>Beneficio-</span> 
     </span>
     <span class='ocr_line' id='line_1_18' title="bbox 145 1273 1688 1323; baseline 0.003 -18"><span class='ocrx_word' id='word_1_133' title='bbox 145 1282 232 1306; x_wconf 85' lang='lat' dir='ltr'>rum</span> <span class='ocrx_word' id='word_1_134' title='bbox 256 1273 485 1308; x_wconf 89' lang='lat' dir='ltr'>vacancium</span> <span class='ocrx_word' id='word_1_135' title='bbox 515 1273 840 1322; x_wconf 88' lang='lat' dir='ltr'>percepcionibus</span> <span class='ocrx_word' id='word_1_136' title='bbox 870 1274 1086 1311; x_wconf 80' lang='lat' dir='ltr'>dumtaxat</span> <span class='ocrx_word' id='word_1_137' title='bbox 1115 1276 1303 1323; x_wconf 90' lang='lat' dir='ltr'>exceptis,</span> <span class='ocrx_word' id='word_1_138' title='bbox 1326 1275 1368 1310; x_wconf 91' lang='lat' dir='ltr'>in</span> <span class='ocrx_word' id='word_1_139' title='bbox 1397 1273 1565 1311; x_wconf 88' lang='lat' dir='ltr'>diversis</span> <span class='ocrx_word' id='word_1_140' title='bbox 1597 1274 1688 1310; x_wconf 94' lang='lat' dir='ltr'>Dio-</span> 
     </span>
     <span class='ocr_line' id='line_1_19' title="bbox 142 1323 1684 1375; baseline 0.003 -15"><span class='ocrx_word' id='word_1_141' title='bbox 142 1323 296 1361; x_wconf 88' lang='lat' dir='ltr'>cesibus</span> <span class='ocrx_word' id='word_1_142' title='bbox 328 1331 457 1364; x_wconf 85' lang='lat' dir='ltr'>vestre</span> <span class='ocrx_word' id='word_1_143' title='bbox 496 1327 707 1365; x_wconf 89' lang='lat' dir='ltr'>Provincie</span> <span class='ocrx_word' id='word_1_144' title='bbox 746 1334 1040 1375; x_wconf 69' lang='lat' dir='ltr'>exercuerunt,</span> <span class='ocrx_word' id='word_1_145' title='bbox 1078 1334 1119 1366; x_wconf 90' lang='lat' dir='ltr'>et</span> <span class='ocrx_word' id='word_1_146' title='bbox 1157 1328 1319 1365; x_wconf 88' lang='lat' dir='ltr'>aliunde</span> <span class='ocrx_word' id='word_1_147' title='bbox 1357 1328 1684 1373; x_wconf 78' lang='lat' dir='ltr'>informacionem</span> 
     </span>
     <span class='ocr_line' id='line_1_20' title="bbox 142 1379 1685 1431; baseline 0.003 -17"><span class='ocrx_word' id='word_1_148' title='bbox 142 1379 274 1427; x_wconf 89' lang='lat' dir='ltr'>accepi</span> <span class='ocrx_word' id='word_1_149' title='bbox 304 1379 407 1428; x_wconf 89' lang='lat' dir='ltr'>quod</span> <span class='ocrx_word' id='word_1_150' title='bbox 445 1381 696 1419; x_wconf 87' lang='lat' dir='ltr'>Precessores</span> <span class='ocrx_word' id='word_1_151' title='bbox 725 1387 765 1419; x_wconf 92' lang='lat' dir='ltr'>et</span> <span class='ocrx_word' id='word_1_152' title='bbox 796 1382 1096 1420; x_wconf 84' lang='lat' dir='ltr'>Predecessores</span> <span class='ocrx_word' id='word_1_153' title='bbox 1126 1383 1352 1431; x_wconf 40' lang='lat' dir='ltr'>1&#39;nerin1ili</span> <span class='ocrx_word' id='word_1_154' title='bbox 1383 1382 1499 1419; x_wconf 90' lang='lat' dir='ltr'>modo</span> <span class='ocrx_word' id='word_1_155' title='bbox 1528 1395 1605 1431; x_wconf 88' lang='lat' dir='ltr'>quo</span> <span class='ocrx_word' id='word_1_156' title='bbox 1634 1381 1685 1418; x_wconf 90' lang='lat' dir='ltr'>ad</span> 
     </span>
     <span class='ocr_line' id='line_1_21' title="bbox 142 1433 1687 1486; baseline 0.003 -18"><span class='ocrx_word' id='word_1_157' title='bbox 142 1444 330 1480; x_wconf 87' lang='lat' dir='ltr'>personas</span> <span class='ocrx_word' id='word_1_158' title='bbox 359 1433 411 1471; x_wconf 88' lang='lat' dir='ltr'>ad</span> <span class='ocrx_word' id='word_1_159' title='bbox 440 1447 504 1471; x_wconf 92' lang='lat' dir='ltr'>eos</span> <span class='ocrx_word' id='word_1_160' title='bbox 534 1435 707 1473; x_wconf 80' lang='lat' dir='ltr'>durante</span> <span class='ocrx_word' id='word_1_161' title='bbox 738 1436 987 1474; x_wconf 88' lang='lat' dir='ltr'>Visitacione</span> <span class='ocrx_word' id='word_1_162' title='bbox 1026 1437 1325 1486; x_wconf 87' lang='lat' dir='ltr'>Metropolitica</span> <span class='ocrx_word' id='word_1_163' title='bbox 1363 1436 1593 1486; x_wconf 88' lang='lat' dir='ltr'>hujusmodi</span> <span class='ocrx_word' id='word_1_164' title='bbox 1631 1449 1687 1473; x_wconf 91' lang='lat' dir='ltr'>re-</span> 
     </span>
     <span class='ocr_line' id='line_1_22' title="bbox 141 1489 1686 1540; baseline 0.003 -18"><span class='ocrx_word' id='word_1_165' title='bbox 141 1492 357 1533; x_wconf 83' lang='lat' dir='ltr'>currentes,</span> <span class='ocrx_word' id='word_1_166' title='bbox 390 1501 461 1525; x_wconf 91' lang='lat' dir='ltr'>suo</span> <span class='ocrx_word' id='word_1_167' title='bbox 488 1490 577 1538; x_wconf 88' lang='lat' dir='ltr'>jure</span> <span class='ocrx_word' id='word_1_168' title='bbox 606 1489 774 1527; x_wconf 84' lang='lat' dir='ltr'>diversis</span> <span class='ocrx_word' id='word_1_169' title='bbox 806 1491 1052 1540; x_wconf 85' lang='lat' dir='ltr'>temporibus</span> <span class='ocrx_word' id='word_1_170' title='bbox 1081 1494 1372 1537; x_wconf 70' lang='lat' dir='ltr'>exercuerunt,</span> <span class='ocrx_word' id='word_1_171' title='bbox 1414 1490 1526 1535; x_wconf 91' lang='lat' dir='ltr'>Volo,</span> <span class='ocrx_word' id='word_1_172' title='bbox 1563 1490 1686 1527; x_wconf 88' lang='lat' dir='ltr'>Pater</span> 
     </span>
     <span class='ocr_line' id='line_1_23' title="bbox 142 1539 1685 1593; baseline 0.003 -17"><span class='ocrx_word' id='word_1_173' title='bbox 142 1539 436 1590; x_wconf 85' lang='lat' dir='ltr'>benignissime,</span> <span class='ocrx_word' id='word_1_174' title='bbox 468 1556 540 1591; x_wconf 93' lang='lat' dir='ltr'>pro</span> <span class='ocrx_word' id='word_1_175' title='bbox 571 1543 673 1580; x_wconf 89' lang='lat' dir='ltr'>bono</span> <span class='ocrx_word' id='word_1_176' title='bbox 702 1545 820 1593; x_wconf 84' lang='lat' dir='ltr'>pacis,</span> <span class='ocrx_word' id='word_1_177' title='bbox 854 1551 900 1581; x_wconf 87' lang='lat' dir='ltr'>ut</span> <span class='ocrx_word' id='word_1_178' title='bbox 933 1558 1002 1582; x_wconf 78' lang='lat' dir='ltr'>vos</span> <span class='ocrx_word' id='word_1_179' title='bbox 1033 1546 1153 1582; x_wconf 86' lang='lat' dir='ltr'>simili</span> <span class='ocrx_word' id='word_1_180' title='bbox 1185 1544 1301 1582; x_wconf 91' lang='lat' dir='ltr'>modo</span> <span class='ocrx_word' id='word_1_181' title='bbox 1335 1545 1377 1581; x_wconf 90' lang='lat' dir='ltr'>in</span> <span class='ocrx_word' id='word_1_182' title='bbox 1411 1545 1570 1581; x_wconf 89' lang='lat' dir='ltr'>Diocesi</span> <span class='ocrx_word' id='word_1_183' title='bbox 1599 1557 1685 1581; x_wconf 87' lang='lat' dir='ltr'>mea</span> 
     </span>
     <span class='ocr_line' id='line_1_24' title="bbox 140 1596 1681 1648; baseline 0.003 -18"><span class='ocrx_word' id='word_1_184' title='bbox 140 1596 359 1632; x_wconf 85' lang='lat' dir='ltr'>exerceatis</span> <span class='ocrx_word' id='word_1_185' title='bbox 380 1596 557 1646; x_wconf 86' lang='lat' dir='ltr'>(absque,</span> <span class='ocrx_word' id='word_1_186' title='bbox 582 1604 727 1644; x_wconf 87' lang='lat' dir='ltr'>tamen,</span> <span class='ocrx_word' id='word_1_187' title='bbox 751 1598 971 1648; x_wconf 83' lang='lat' dir='ltr'>prejudicio</span> <span class='ocrx_word' id='word_1_188' title='bbox 992 1613 1077 1637; x_wconf 92' lang='lat' dir='ltr'>meo</span> <span class='ocrx_word' id='word_1_189' title='bbox 1106 1605 1147 1636; x_wconf 91' lang='lat' dir='ltr'>et</span> <span class='ocrx_word' id='word_1_190' title='bbox 1177 1599 1454 1636; x_wconf 81' lang='lat' dir='ltr'>Successorum</span> <span class='ocrx_word' id='word_1_191' title='bbox 1476 1598 1681 1646; x_wconf 75' lang='lat' dir='ltr'>meorum),</span> 
     </span>
     <span class='ocr_line' id='line_1_25' title="bbox 141 1648 1686 1702; baseline 0.003 -18"><span class='ocrx_word' id='word_1_192' title='bbox 141 1648 257 1685; x_wconf 89' lang='lat' dir='ltr'>modo</span> <span class='ocrx_word' id='word_1_193' title='bbox 296 1662 373 1699; x_wconf 91' lang='lat' dir='ltr'>quo</span> <span class='ocrx_word' id='word_1_194' title='bbox 411 1650 657 1699; x_wconf 84' lang='lat' dir='ltr'>predicitur;</span> <span class='ocrx_word' id='word_1_195' title='bbox 702 1652 898 1698; x_wconf 87' lang='lat' dir='ltr'>videlicet,</span> <span class='ocrx_word' id='word_1_196' title='bbox 935 1653 1040 1702; x_wconf 90' lang='lat' dir='ltr'>quod</span> <span class='ocrx_word' id='word_1_197' title='bbox 1078 1654 1372 1702; x_wconf 84' lang='lat' dir='ltr'>prevenciones¹</span> <span class='ocrx_word' id='word_1_198' title='bbox 1405 1653 1447 1689; x_wconf 90' lang='lat' dir='ltr'>in</span> <span class='ocrx_word' id='word_1_199' title='bbox 1484 1653 1686 1702; x_wconf 82' lang='lat' dir='ltr'>premissis</span> 
     </span>
     <span class='ocr_line' id='line_1_26' title="bbox 141 1702 1684 1756; baseline 0.004 -18"><span class='ocrx_word' id='word_1_200' title='bbox 141 1702 325 1740; x_wconf 84' lang='lat' dir='ltr'>effectum</span> <span class='ocrx_word' id='word_1_201' title='bbox 356 1704 449 1741; x_wconf 89' lang='lat' dir='ltr'>hinc</span> <span class='ocrx_word' id='word_1_202' title='bbox 479 1710 520 1742; x_wconf 92' lang='lat' dir='ltr'>et</span> <span class='ocrx_word' id='word_1_203' title='bbox 548 1705 642 1743; x_wconf 86' lang='lat' dir='ltr'>inde</span> <span class='ocrx_word' id='word_1_204' title='bbox 671 1706 859 1752; x_wconf 83' lang='lat' dir='ltr'>habeant,</span> <span class='ocrx_word' id='word_1_205' title='bbox 882 1708 967 1744; x_wconf 88' lang='lat' dir='ltr'>sine</span> <span class='ocrx_word' id='word_1_206' title='bbox 995 1707 1148 1753; x_wconf 80' lang='lat' dir='ltr'>fraude,</span> <span class='ocrx_word' id='word_1_207' title='bbox 1181 1712 1436 1756; x_wconf 82' lang='lat' dir='ltr'>preterquam</span> <span class='ocrx_word' id='word_1_208' title='bbox 1465 1707 1506 1743; x_wconf 89' lang='lat' dir='ltr'>in</span> <span class='ocrx_word' id='word_1_209' title='bbox 1537 1720 1684 1744; x_wconf 85' lang='lat' dir='ltr'>correc—</span> 
     </span>
     <span class='ocr_line' id='line_1_27' title="bbox 141 1756 1686 1807; baseline 0.004 -15"><span class='ocrx_word' id='word_1_210' title='bbox 141 1756 321 1794; x_wconf 84' lang='lat' dir='ltr'>cionibus</span> <span class='ocrx_word' id='word_1_211' title='bbox 342 1762 383 1795; x_wconf 90' lang='lat' dir='ltr'>et</span> <span class='ocrx_word' id='word_1_212' title='bbox 412 1759 766 1797; x_wconf 83' lang='lat' dir='ltr'>reformacionibus</span> <span class='ocrx_word' id='word_1_213' title='bbox 787 1762 1010 1806; x_wconf 87' lang='lat' dir='ltr'>criminum,</span> <span class='ocrx_word' id='word_1_214' title='bbox 1032 1774 1276 1807; x_wconf 85' lang='lat' dir='ltr'>excessuum,</span> <span class='ocrx_word' id='word_1_215' title='bbox 1299 1768 1340 1798; x_wconf 90' lang='lat' dir='ltr'>et</span> <span class='ocrx_word' id='word_1_216' title='bbox 1363 1761 1604 1806; x_wconf 82' lang='lat' dir='ltr'>defectuum,</span> <span class='ocrx_word' id='word_1_217' title='bbox 1636 1774 1686 1798; x_wconf 85' lang='lat' dir='ltr'>ex</span> 
     </span>
     <span class='ocr_line' id='line_1_28' title="bbox 142 1810 1684 1865; baseline 0.003 -19"><span class='ocrx_word' id='word_1_218' title='bbox 142 1810 268 1848; x_wconf 91' lang='lat' dir='ltr'>officio</span> <span class='ocrx_word' id='word_1_219' title='bbox 288 1825 405 1857; x_wconf 88' lang='lat' dir='ltr'>mero,</span> <span class='ocrx_word' id='word_1_220' title='bbox 423 1819 465 1850; x_wconf 88' lang='lat' dir='ltr'>et</span> <span class='ocrx_word' id='word_1_221' title='bbox 484 1813 800 1852; x_wconf 89' lang='lat' dir='ltr'>Probacionibus</span> <span class='ocrx_word' id='word_1_222' title='bbox 816 1815 1164 1853; x_wconf 87' lang='lat' dir='ltr'>Testamentorum</span> <span class='ocrx_word' id='word_1_223' title='bbox 1186 1828 1523 1865; x_wconf 81' lang='lat' dir='ltr'>quorumcumque</span> <span class='ocrx_word' id='word_1_224' title='bbox 1540 1814 1684 1852; x_wconf 81' lang='lat' dir='ltr'>liaben-</span> 
     </span>
     <span class='ocr_line' id='line_1_29' title="bbox 142 1864 1684 1907; baseline 0.003 -7"><span class='ocrx_word' id='word_1_225' title='bbox 142 1864 246 1901; x_wconf 89' lang='lat' dir='ltr'>cium</span> <span class='ocrx_word' id='word_1_226' title='bbox 286 1865 487 1904; x_wconf 86' lang='lat' dir='ltr'>Beneficia</span> <span class='ocrx_word' id='word_1_227' title='bbox 521 1880 589 1905; x_wconf 89' lang='lat' dir='ltr'>seu</span> <span class='ocrx_word' id='word_1_228' title='bbox 630 1868 734 1905; x_wconf 86' lang='lat' dir='ltr'>bona</span> <span class='ocrx_word' id='word_1_229' title='bbox 765 1869 806 1905; x_wconf 90' lang='lat' dir='ltr'>in</span> <span class='ocrx_word' id='word_1_230' title='bbox 841 1869 1009 1907; x_wconf 89' lang='lat' dir='ltr'>diversis</span> <span class='ocrx_word' id='word_1_231' title='bbox 1044 1869 1278 1907; x_wconf 87' lang='lat' dir='ltr'>Diocesibus</span> <span class='ocrx_word' id='word_1_232' title='bbox 1312 1869 1524 1906; x_wconf 76' lang='lat' dir='ltr'>Provincie</span> <span class='ocrx_word' id='word_1_233' title='bbox 1554 1874 1684 1906; x_wconf 85' lang='lat' dir='ltr'>vestre</span> 
     </span>
     <span class='ocr_line' id='line_1_30' title="bbox 144 1917 1685 1966; baseline 0.003 -12"><span class='ocrx_word' id='word_1_234' title='bbox 144 1917 457 1966; x_wconf 85' lang='lat' dir='ltr'>Cantuariensis‚</span> <span class='ocrx_word' id='word_1_235' title='bbox 489 1927 530 1958; x_wconf 90' lang='lat' dir='ltr'>et</span> <span class='ocrx_word' id='word_1_236' title='bbox 559 1923 600 1958; x_wconf 92' lang='lat' dir='ltr'>in</span> <span class='ocrx_word' id='word_1_237' title='bbox 631 1922 926 1960; x_wconf 87' lang='lat' dir='ltr'>Collacionibus</span> <span class='ocrx_word' id='word_1_238' title='bbox 957 1924 1245 1960; x_wconf 89' lang='lat' dir='ltr'>Beneficiorum</span> <span class='ocrx_word' id='word_1_239' title='bbox 1276 1927 1317 1960; x_wconf 89' lang='lat' dir='ltr'>et</span> <span class='ocrx_word' id='word_1_240' title='bbox 1346 1922 1685 1960; x_wconf 85' lang='lat' dir='ltr'>Institucionibus</span> 
     </span>
     <span class='ocr_line' id='line_1_31' title="bbox 142 1975 1681 2026; baseline 0.003 -18"><span class='ocrx_word' id='word_1_241' title='bbox 142 1978 464 2019; x_wconf 83' lang='lat' dir='ltr'>presentatorum</span> <span class='ocrx_word' id='word_1_242' title='bbox 494 1975 544 2011; x_wconf 87' lang='lat' dir='ltr'>ad</span> <span class='ocrx_word' id='word_1_243' title='bbox 576 1976 787 2022; x_wconf 85' lang='lat' dir='ltr'>Beneficia,</span> <span class='ocrx_word' id='word_1_244' title='bbox 810 1984 851 2014; x_wconf 89' lang='lat' dir='ltr'>et</span> <span class='ocrx_word' id='word_1_245' title='bbox 881 1977 1128 2026; x_wconf 86' lang='lat' dir='ltr'>prefeccione</span> <span class='ocrx_word' id='word_1_246' title='bbox 1159 1978 1343 2014; x_wconf 87' lang='lat' dir='ltr'>Priorum</span> <span class='ocrx_word' id='word_1_247' title='bbox 1363 1983 1405 2014; x_wconf 90' lang='lat' dir='ltr'>et</span> <span class='ocrx_word' id='word_1_248' title='bbox 1433 1977 1601 2014; x_wconf 89' lang='lat' dir='ltr'>aliorum</span> <span class='ocrx_word' id='word_1_249' title='bbox 1631 1976 1681 2013; x_wconf 83' lang='lat' dir='ltr'>ad</span> 
     </span>
     <span class='ocr_line' id='line_1_32' title="bbox 142 2026 1682 2080; baseline 0.004 -19"><span class='ocrx_word' id='word_1_250' title='bbox 142 2026 349 2064; x_wconf 85' lang='lat' dir='ltr'>Prioratus</span> <span class='ocrx_word' id='word_1_251' title='bbox 379 2033 419 2065; x_wconf 87' lang='lat' dir='ltr'>et·</span> <span class='ocrx_word' id='word_1_252' title='bbox 450 2029 588 2066; x_wconf 86' lang='lat' dir='ltr'>Officia</span> <span class='ocrx_word' id='word_1_253' title='bbox 618 2044 693 2080; x_wconf 92' lang='lat' dir='ltr'>que</span> <span class='ocrx_word' id='word_1_254' title='bbox 723 2044 792 2080; x_wconf 91' lang='lat' dir='ltr'>per</span> <span class='ocrx_word' id='word_1_255' title='bbox 822 2032 1100 2080; x_wconf 87' lang='lat' dir='ltr'>privacionem,</span> <span class='ocrx_word' id='word_1_256' title='bbox 1133 2032 1389 2076; x_wconf 86' lang='lat' dir='ltr'>amocionem,</span> <span class='ocrx_word' id='word_1_257' title='bbox 1412 2044 1481 2068; x_wconf 89' lang='lat' dir='ltr'>seu</span> <span class='ocrx_word' id='word_1_258' title='bbox 1511 2030 1682 2068; x_wconf 86' lang='lat' dir='ltr'>declara-</span> 
     </span>
     <span class='ocr_line' id='line_1_33' title="bbox 143 2080 1683 2134; baseline 0.004 -19"><span class='ocrx_word' id='word_1_259' title='bbox 143 2080 294 2117; x_wconf 90' lang='lat' dir='ltr'>cionem</span> <span class='ocrx_word' id='word_1_260' title='bbox 314 2083 554 2130; x_wconf 88' lang='lat' dir='ltr'>privacionis</span> <span class='ocrx_word' id='word_1_261' title='bbox 575 2097 644 2132; x_wconf 91' lang='lat' dir='ltr'>per</span> <span class='ocrx_word' id='word_1_262' title='bbox 666 2085 1024 2134; x_wconf 85' lang='lat' dir='ltr'>Metropolitanum</span> <span class='ocrx_word' id='word_1_263' title='bbox 1046 2086 1174 2123; x_wconf 80' lang='lat' dir='ltr'>factas</span> <span class='ocrx_word' id='word_1_264' title='bbox 1198 2099 1336 2123; x_wconf 87' lang='lat' dir='ltr'>vacare</span> <span class='ocrx_word' id='word_1_265' title='bbox 1355 2085 1587 2134; x_wconf 80' lang='lat' dir='ltr'>continget3</span> <span class='ocrx_word' id='word_1_266' title='bbox 1608 2098 1683 2134; x_wconf 91' lang='lat' dir='ltr'>que</span> 
     </span>
     <span class='ocr_line' id='line_1_34' title="bbox 143 2134 1681 2187; baseline 0.004 -18"><span class='ocrx_word' id='word_1_267' title='bbox 143 2134 480 2183; x_wconf 84' lang='lat' dir='ltr'>Metropolitanus</span> <span class='ocrx_word' id='word_1_268' title='bbox 518 2137 642 2175; x_wconf 90' lang='lat' dir='ltr'>libere</span> <span class='ocrx_word' id='word_1_269' title='bbox 681 2140 829 2187; x_wconf 85' lang='lat' dir='ltr'>poterit</span> <span class='ocrx_word' id='word_1_270' title='bbox 868 2153 1060 2177; x_wconf 88' lang='lat' dir='ltr'>exercere.</span> <span class='ocrx_word' id='word_1_271' title='bbox 1126 2140 1236 2185; x_wconf 84' lang='lat' dir='ltr'>Volo,</span> <span class='ocrx_word' id='word_1_272' title='bbox 1267 2140 1403 2185; x_wconf 88' lang='lat' dir='ltr'>eciam,</span> <span class='ocrx_word' id='word_1_273' title='bbox 1435 2152 1524 2176; x_wconf 89' lang='lat' dir='ltr'>cum</span> <span class='ocrx_word' id='word_1_274' title='bbox 1563 2152 1681 2187; x_wconf 89' lang='lat' dir='ltr'>super</span> 
     </span>
     <span class='ocr_line' id='line_1_35' title="bbox 142 2189 1680 2243; baseline 0.004 -20"><span class='ocrx_word' id='word_1_275' title='bbox 142 2189 342 2236; x_wconf 75' lang='lat' dir='ltr'>premissis</span> <span class='ocrx_word' id='word_1_276' title='bbox 361 2192 745 2229; x_wconf 85' lang='lat' dir='ltr'>auctorizacionibus</span> <span class='ocrx_word' id='word_1_277' title='bbox 767 2193 1119 2231; x_wconf 84' lang='lat' dir='ltr'>Permutaeionum</span> <span class='ocrx_word' id='word_1_278' title='bbox 1139 2198 1180 2231; x_wconf 89' lang='lat' dir='ltr'>et</span> <span class='ocrx_word' id='word_1_279' title='bbox 1199 2194 1455 2243; x_wconf 87' lang='lat' dir='ltr'>percepcione</span> <span class='ocrx_word' id='word_1_280' title='bbox 1476 2193 1680 2230; x_wconf 86' lang='lat' dir='ltr'>fructuum</span> 
     </span>
     <span class='ocr_line' id='line_1_36' title="bbox 143 2241 1677 2296; baseline 0.003 -18"><span class='ocrx_word' id='word_1_281' title='bbox 143 2241 431 2280; x_wconf 87' lang='lat' dir='ltr'>Beneficiorum</span> <span class='ocrx_word' id='word_1_282' title='bbox 454 2246 686 2282; x_wconf 85' lang='lat' dir='ltr'>vacancium</span> <span class='ocrx_word' id='word_1_283' title='bbox 707 2248 827 2283; x_wconf 87' lang='lat' dir='ltr'>simili</span> <span class='ocrx_word' id='word_1_284' title='bbox 848 2247 964 2284; x_wconf 89' lang='lat' dir='ltr'>modo</span> <span class='ocrx_word' id='word_1_285' title='bbox 984 2248 1098 2285; x_wconf 73' lang='lat' dir='ltr'>fuero</span> <span class='ocrx_word' id='word_1_286' title='bbox 1119 2248 1368 2293; x_wconf 81' lang='lat' dir='ltr'>informatus,</span> <span class='ocrx_word' id='word_1_287' title='bbox 1393 2246 1495 2296; x_wconf 87' lang='lat' dir='ltr'>quod</span> <span class='ocrx_word' id='word_1_288' title='bbox 1518 2248 1556 2283; x_wconf 89' lang='lat' dir='ltr'>in</span> <span class='ocrx_word' id='word_1_289' title='bbox 1588 2247 1677 2291; x_wconf 88' lang='lat' dir='ltr'>illis,</span> 
     </span>
     <span class='ocr_line' id='line_1_37' title="bbox 143 2296 1681 2351; baseline 0.003 -20"><span class='ocrx_word' id='word_1_290' title='bbox 143 2296 253 2332; x_wconf 87' lang='lat' dir='ltr'>sicud</span> <span class='ocrx_word' id='word_1_291' title='bbox 284 2303 324 2334; x_wconf 90' lang='lat' dir='ltr'>et</span> <span class='ocrx_word' id='word_1_292' title='bbox 352 2299 494 2335; x_wconf 87' lang='lat' dir='ltr'>ceteris</span> <span class='ocrx_word' id='word_1_293' title='bbox 523 2299 775 2348; x_wconf 82' lang='lat' dir='ltr'>supradictis,</span> <span class='ocrx_word' id='word_1_294' title='bbox 806 2302 1022 2339; x_wconf 86' lang='lat' dir='ltr'>consimilis</span> <span class='ocrx_word' id='word_1_295' title='bbox 1051 2302 1261 2351; x_wconf 88' lang='lat' dir='ltr'>prevencio</span> <span class='ocrx_word' id='word_1_296' title='bbox 1290 2301 1488 2338; x_wconf 89' lang='lat' dir='ltr'>habeatur</span> <span class='ocrx_word' id='word_1_297' title='bbox 1513 2306 1554 2338; x_wconf 89' lang='lat' dir='ltr'>et</span> <span class='ocrx_word' id='word_1_298' title='bbox 1573 2313 1681 2338; x_wconf 86' lang='lat' dir='ltr'>exer-</span> 
     </span>
     <span class='ocr_line' id='line_1_38' title="bbox 143 2350 1680 2404; baseline 0.003 -19"><span class='ocrx_word' id='word_1_299' title='bbox 143 2355 280 2386; x_wconf 88' lang='lat' dir='ltr'>ceatur</span> <span class='ocrx_word' id='word_1_300' title='bbox 301 2350 393 2388; x_wconf 89' lang='lat' dir='ltr'>hinc</span> <span class='ocrx_word' id='word_1_301' title='bbox 413 2358 453 2389; x_wconf 87' lang='lat' dir='ltr'>et</span> <span class='ocrx_word' id='word_1_302' title='bbox 474 2353 576 2390; x_wconf 88' lang='lat' dir='ltr'>inde.</span> <span class='ocrx_word' id='word_1_303' title='bbox 628 2354 809 2403; x_wconf 85' lang='lat' dir='ltr'>Insuper,</span> <span class='ocrx_word' id='word_1_304' title='bbox 835 2355 1069 2393; x_wconf 87' lang='lat' dir='ltr'>Reverende</span> <span class='ocrx_word' id='word_1_305' title='bbox 1091 2356 1222 2401; x_wconf 89' lang='lat' dir='ltr'>Pater,</span> <span class='ocrx_word' id='word_1_306' title='bbox 1245 2356 1338 2404; x_wconf 84' lang='lat' dir='ltr'>quia</span> <span class='ocrx_word' id='word_1_307' title='bbox 1358 2356 1456 2391; x_wconf 87' lang='lat' dir='ltr'>alias</span> <span class='ocrx_word' id='word_1_308' title='bbox 1476 2355 1680 2391; x_wconf 88' lang='lat' dir='ltr'>emanavit</span> 
     </span>
     <span class='ocr_line' id='line_1_39' title="bbox 145 2402 1680 2459; baseline 0.004 -21"><span class='ocrx_word' id='word_1_309' title='bbox 145 2402 386 2441; x_wconf 80' lang='lat' dir='ltr'>Mandatum</span> <span class='ocrx_word' id='word_1_310' title='bbox 407 2419 538 2443; x_wconf 88' lang='lat' dir='ltr'>meum</span> <span class='ocrx_word' id='word_1_311' title='bbox 559 2408 600 2443; x_wconf 90' lang='lat' dir='ltr'>in</span> <span class='ocrx_word' id='word_1_312' title='bbox 622 2421 699 2456; x_wconf 90' lang='lat' dir='ltr'>quo</span> <span class='ocrx_word' id='word_1_313' title='bbox 719 2408 938 2446; x_wconf 81' lang='lat' dir='ltr'>cavebatur</span> <span class='ocrx_word' id='word_1_314' title='bbox 958 2409 1062 2458; x_wconf 90' lang='lat' dir='ltr'>quod</span> <span class='ocrx_word' id='word_1_315' title='bbox 1083 2423 1154 2459; x_wconf 84' lang='lat' dir='ltr'>ego</span> <span class='ocrx_word' id='word_1_316' title='bbox 1174 2423 1219 2447; x_wconf 87' lang='lat' dir='ltr'>ac</span> <span class='ocrx_word' id='word_1_317' title='bbox 1240 2409 1490 2447; x_wconf 89' lang='lat' dir='ltr'>Precessores</span> <span class='ocrx_word' id='word_1_318' title='bbox 1519 2414 1560 2446; x_wconf 91' lang='lat' dir='ltr'>et</span> <span class='ocrx_word' id='word_1_319' title='bbox 1589 2408 1680 2445; x_wconf 90' lang='lat' dir='ltr'>Pre-</span> 
     </span>
     <span class='ocr_line' id='line_1_40' title="bbox 142 2456 1679 2511; baseline 0.004 -19"><span class='ocrx_word' id='word_1_320' title='bbox 142 2456 363 2495; x_wconf 86' lang='lat' dir='ltr'>decessores</span> <span class='ocrx_word' id='word_1_321' title='bbox 384 2460 509 2496; x_wconf 87' lang='lat' dir='ltr'>solum</span> <span class='ocrx_word' id='word_1_322' title='bbox 531 2467 572 2498; x_wconf 90' lang='lat' dir='ltr'>et</span> <span class='ocrx_word' id='word_1_323' title='bbox 592 2462 807 2498; x_wconf 81' lang='lat' dir='ltr'>insolidum</span> <span class='ocrx_word' id='word_1_324' title='bbox 828 2464 1019 2511; x_wconf 86' lang='lat' dir='ltr'>premissa</span> <span class='ocrx_word' id='word_1_325' title='bbox 1039 2468 1307 2500; x_wconf 86' lang='lat' dir='ltr'>exercuerunt</span> <span class='ocrx_word' id='word_1_326' title='bbox 1336 2463 1509 2500; x_wconf 90' lang='lat' dir='ltr'>durante</span> <span class='ocrx_word' id='word_1_327' title='bbox 1529 2462 1679 2499; x_wconf 88' lang='lat' dir='ltr'>Visita-</span> 
     </span>
     <span class='ocr_line' id='line_1_41' title="bbox 142 2511 1676 2562; baseline 0.004 -16"><span class='ocrx_word' id='word_1_328' title='bbox 142 2511 253 2548; x_wconf 88' lang='lat' dir='ltr'>cione</span> <span class='ocrx_word' id='word_1_329' title='bbox 274 2511 583 2562; x_wconf 79' lang='lat' dir='ltr'>Metropolitica,</span> <span class='ocrx_word' id='word_1_330' title='bbox 607 2517 830 2553; x_wconf 73' lang='lat' dir='ltr'>cori-ecione</span> <span class='ocrx_word' id='word_1_331' title='bbox 859 2518 1070 2553; x_wconf 86' lang='lat' dir='ltr'>criminum</span> <span class='ocrx_word' id='word_1_332' title='bbox 1100 2523 1141 2555; x_wconf 89' lang='lat' dir='ltr'>et</span> <span class='ocrx_word' id='word_1_333' title='bbox 1169 2530 1401 2554; x_wconf 76' lang='lat' dir='ltr'>excessuum</span> <span class='ocrx_word' id='word_1_334' title='bbox 1433 2517 1676 2553; x_wconf 88' lang='lat' dir='ltr'>notoriorum</span> 
     </span>
     <span class='ocr_line' id='line_1_42' title="bbox 141 2564 1675 2619; baseline 0.005 -20"><span class='ocrx_word' id='word_1_335' title='bbox 141 2564 181 2599; x_wconf 92' lang='lat' dir='ltr'>in</span> <span class='ocrx_word' id='word_1_336' title='bbox 203 2564 451 2604; x_wconf 84' lang='lat' dir='ltr'>Visitacione</span> <span class='ocrx_word' id='word_1_337' title='bbox 472 2567 699 2617; x_wconf 81' lang='lat' dir='ltr'>hujusmodi</span> <span class='ocrx_word' id='word_1_338' title='bbox 721 2576 1010 2619; x_wconf 84' lang='lat' dir='ltr'>compertorum</span> <span class='ocrx_word' id='word_1_339' title='bbox 1033 2571 1248 2608; x_wconf 82' lang='lat' dir='ltr'>dumtaxat</span> <span class='ocrx_word' id='word_1_340' title='bbox 1268 2574 1461 2619; x_wconf 75' lang='lat' dir='ltr'>excepta;</span> <span class='ocrx_word' id='word_1_341' title='bbox 1487 2574 1528 2607; x_wconf 87' lang='lat' dir='ltr'>et</span> <span class='ocrx_word' id='word_1_342' title='bbox 1547 2569 1675 2614; x_wconf 85' lang='lat' dir='ltr'>credo,</span> 
     </span>
     <span class='ocr_line' id='line_1_43' title="bbox 142 2619 1676 2665; baseline 0.003 -11"><span class='ocrx_word' id='word_1_343' title='bbox 142 2629 211 2665; x_wconf 86' lang='lat' dir='ltr'>per</span> <span class='ocrx_word' id='word_1_344' title='bbox 231 2619 554 2658; x_wconf 82' lang='lat' dir='ltr'>informacionem</span> <span class='ocrx_word' id='word_1_345' title='bbox 577 2622 822 2659; x_wconf 83' lang='lat' dir='ltr'>antedictam</span> <span class='ocrx_word' id='word_1_346' title='bbox 844 2625 883 2660; x_wconf 87' lang='lat' dir='ltr'>in</span> <span class='ocrx_word' id='word_1_347' title='bbox 907 2625 1038 2661; x_wconf 82' lang='lat' dir='ltr'>verbis</span> <span class='ocrx_word' id='word_1_348' title='bbox 1059 2625 1136 2661; x_wconf 90' lang='lat' dir='ltr'>illis</span> <span class='ocrx_word' id='word_1_349' title='bbox 1157 2625 1281 2661; x_wconf 91' lang='lat' dir='ltr'>solum</span> <span class='ocrx_word' id='word_1_350' title='bbox 1303 2631 1344 2661; x_wconf 87' lang='lat' dir='ltr'>et</span> <span class='ocrx_word' id='word_1_351' title='bbox 1372 2623 1585 2660; x_wconf 85' lang='lat' dir='ltr'>insolidum</span> <span class='ocrx_word' id='word_1_352' title='bbox 1617 2636 1676 2660; x_wconf 90' lang='lat' dir='ltr'>me</span> 
     </span>
     <span class='ocr_line' id='line_1_44' title="bbox 140 2673 1671 2727; baseline 0.004 -21"><span class='ocrx_word' id='word_1_353' title='bbox 140 2683 288 2709; x_wconf 81' lang='lat' dir='ltr'>errasse</span> <span class='ocrx_word' id='word_1_354' title='bbox 309 2686 315 2715; x_wconf 93' lang='lat'><em>;</em></span> <span class='ocrx_word' id='word_1_355' title='bbox 345 2673 432 2710; x_wconf 91' lang='lat' dir='ltr'>ideo</span> <span class='ocrx_word' id='word_1_356' title='bbox 452 2688 623 2712; x_wconf 87' lang='lat' dir='ltr'>errorem</span> <span class='ocrx_word' id='word_1_357' title='bbox 648 2689 775 2713; x_wconf 86' lang='lat' dir='ltr'>meum</span> <span class='ocrx_word' id='word_1_358' title='bbox 796 2677 1035 2727; x_wconf 83' lang='lat' dir='ltr'>hujusmodi,</span> <span class='ocrx_word' id='word_1_359' title='bbox 1056 2679 1256 2727; x_wconf 64' lang='lat' dir='ltr'>‘quatenus</span> <span class='ocrx_word' id='word_1_360' title='bbox 1277 2678 1325 2715; x_wconf 92' lang='lat' dir='ltr'>de</span> <span class='ocrx_word' id='word_1_361' title='bbox 1344 2678 1453 2714; x_wconf 84' lang='lat' dir='ltr'>facto</span> <span class='ocrx_word' id='word_1_362' title='bbox 1472 2677 1671 2725; x_wconf 88' lang='lat' dir='ltr'>processit,</span> 
     </span>
     <span class='ocr_line' id='line_1_45' title="bbox 141 2728 1675 2780; baseline 0.003 -19"><span class='ocrx_word' id='word_1_363' title='bbox 141 2737 302 2771; x_wconf 69' lang='lat' dir='ltr'>revocog</span> <span class='ocrx_word' id='word_1_364' title='bbox 346 2728 573 2776; x_wconf 85' lang='lat' dir='ltr'>supplicans</span> <span class='ocrx_word' id='word_1_365' title='bbox 604 2730 839 2768; x_wconf 88' lang='lat' dir='ltr'>Reverende</span> <span class='ocrx_word' id='word_1_366' title='bbox 878 2732 1125 2769; x_wconf 85' lang='lat' dir='ltr'>Paternitati</span> <span class='ocrx_word' id='word_1_367' title='bbox 1156 2737 1285 2769; x_wconf 87' lang='lat' dir='ltr'>vestre</span> <span class='ocrx_word' id='word_1_368' title='bbox 1314 2731 1504 2780; x_wconf 88' lang='lat' dir='ltr'>quatinus</span> <span class='ocrx_word' id='word_1_369' title='bbox 1542 2731 1675 2767; x_wconf 90' lang='lat' dir='ltr'>omnia</span> 
     </span>
     <span class='ocr_line' id='line_1_46' title="bbox 140 2780 1675 2834; baseline 0.004 -20"><span class='ocrx_word' id='word_1_370' title='bbox 140 2790 214 2826; x_wconf 89' lang='lat' dir='ltr'>que</span> <span class='ocrx_word' id='word_1_371' title='bbox 235 2791 304 2827; x_wconf 88' lang='lat' dir='ltr'>per</span> <span class='ocrx_word' id='word_1_372' title='bbox 324 2780 527 2818; x_wconf 83' lang='lat' dir='ltr'>sinistram</span> <span class='ocrx_word' id='word_1_373' title='bbox 549 2784 811 2831; x_wconf 86' lang='lat' dir='ltr'>suspicionem</span> <span class='ocrx_word' id='word_1_374' title='bbox 834 2784 882 2822; x_wconf 89' lang='lat' dir='ltr'>de</span> <span class='ocrx_word' id='word_1_375' title='bbox 903 2799 964 2822; x_wconf 90' lang='lat' dir='ltr'>me</span> <span class='ocrx_word' id='word_1_376' title='bbox 983 2786 1220 2834; x_wconf 85' lang='lat' dir='ltr'>concepistis</span> <span class='ocrx_word' id='word_1_377' title='bbox 1237 2786 1440 2822; x_wconf 86' lang='lat' dir='ltr'>remittere</span> <span class='ocrx_word' id='word_1_378' title='bbox 1455 2783 1675 2833; x_wconf 86' lang='lat' dir='ltr'>dignemini</span> 
     </span>
     <span class='ocr_line' id='line_1_47' title="bbox 142 2841 1672 2854; baseline 0.004 -14"><span class='ocrx_word' id='word_1_379' title='bbox 142 2841 1672 2854; x_wconf 43' lang='grc' dir='ltr'>Ἢ</span> 
     </span>
    </p>
   </div>
   <div class='ocr_carea' id='block_1_3' title="bbox 207 2861 816 2908">
    <p class='ocr_par' dir='ltr' id='par_1_3' title="bbox 207 2861 816 2908">
     <span class='ocr_line' id='line_1_48' title="bbox 207 2861 816 2908; baseline 0.013 -16"><span class='ocrx_word' id='word_1_380' title='bbox 207 2861 214 2880; x_wconf 87' lang='lat'>¹</span> <span class='ocrx_word' id='word_1_381' title='bbox 238 2866 430 2902; x_wconf 75' lang='lat' dir='ltr'>prerencioz</span> <span class='ocrx_word' id='word_1_382' title='bbox 457 2867 641 2907; x_wconf 86' lang='lat' dir='ltr'>Inquisitio</span> <span class='ocrx_word' id='word_1_383' title='bbox 657 2869 816 2908; x_wconf 80' lang='lat' dir='ltr'>juridica.</span> 
     </span>
    </p>
   </div>
   <div class='ocr_carea' id='block_1_4' title="bbox 1900 0 1907 70">
    <p class='ocr_par' dir='ltr' id='par_1_4' title="bbox 1900 0 1907 70">
     <span class='ocr_line' id='line_1_49' title="bbox 1900 0 1907 70; textangle 90"><span class='ocrx_word' id='word_1_384' title='bbox 1900 0 1907 70; x_wconf 45' lang='grc' dir='ltr'>-ῳ-</span> 
     </span>
    </p>
   </div>
  </div>
 </body>
</html>
