1907 3212
197 274 292 319 700
413 285 511 317 THE
547 283 787 317 REGISTER
822 283 882 315 or
917 282 1093 316 Blsflor
1128 283 1524 318 BRANTYNGHAM.

195 384 273 410 AD·
353 388 402 418 sic
430 387 570 427 ligatus,
594 390 774 426 tamquam
797 386 943 425 simplex
965 387 1001 415 et
1025 385 1113 426 juris
1134 385 1277 425 ignarus
1293 389 1329 417 et
1345 397 1414 418 non
1438 387 1475 418 in
1499 388 1740 425 contemptum

196 419 286 477 {33⁰4
354 431 523 469 Cluvium,
543 431 669 461 Divina
687 430 875 461 celebravit
895 430 1025 467 Officia,
1043 432 1077 460 et
1095 430 1181 460 alias
1198 431 1375 461 inmiscuit
1394 441 1429 461 se
1442 432 1584 462 eisdem.
1632 430 1743 470 Super

254 470 259 475 ’
293 471 300 477 ’
353 476 477 515 quibus
490 475 677 515 supplicari
691 474 775 505 fecit
786 474 968 504 humiliter
978 474 1043 504 sibi
1057 484 1119 513 per
1131 474 1255 505 Sedem
1268 475 1503 515 Apostolieam
1517 475 1558 506 de
1572 477 1742 514 oportuno

354 520 509 550 remedio
540 519 813 549 misericorditer
844 518 1028 558 provideri.
1077 519 1158 557 Nos,
1191 519 1309 558 igitur,
1341 520 1560 550 Auctoritate
1601 519 1742 549 Domini

356 565 458 604 Pape,
476 563 576 604 cujus
594 563 842 593 Penitenciarii
859 573 979 593 curam
1004 563 1166 601 gerimus,
1186 563 1500 603 Circumspeceioni
1518 566 1633 594 vestre
1651 573 1741 593 com-

353 609 529 638 mittimus
549 608 724 647 quatinus,
751 607 778 637 si
803 610 856 637 est
884 607 943 645 ita,
972 607 1087 646 ipsum
1116 607 1301 638 Rectorem
1325 618 1346 638 a
1371 608 1465 638 dicta
1494 608 1679 638 Sentencia
1707 610 1741 637 et

353 652 550 682 excessibus
568 652 780 692 hujusmodi,
798 662 838 682 ac
855 651 1008 691 peccatis
1031 651 1102 681 suis
1127 651 1204 681 aliis
1228 662 1293 691 que
1310 652 1407 682 vobis
1425 652 1656 689 confitebitur,
1675 651 1742 681 nisi

353 697 438 727 talia
452 697 521 726 sint
535 700 679 736 propter
692 706 757 736 que
771 696 896 725 merito
914 695 957 725 sit
974 695 1080 725 Sedes
1093 695 1295 735 Apostolica
1308 697 1529 733 consulenda,
1543 696 1741 733 absolvatis,

353 742 417 771 bac
434 741 518 778 vice,
537 741 573 770 in
590 740 705 770 forma
723 740 876 770 Ecclesic
895 742 1070 770 consueta.
1120 740 1174 777 Et,
1192 740 1351 780 injuncta
1375 741 1455 770 inde
1480 741 1544 770 sibi
1562 750 1624 780 pro
1641 740 1743 769 modo

353 786 453 824 culpe
470 785 669 824 penitencia
693 784 848 821 salutari,
865 794 973 823 coque
991 784 1034 813 ad
1059 786 1208 823 tempus,
1233 787 1335 823 prout
1360 785 1521 824 expedire
1538 784 1706 822 videritis,
1724 793 1743 813 a

354 839 497 860 suorum
512 828 681 859 Ordinum
695 829 901 859 exeeucione
914 838 1091 867 suspense,
1107 828 1258 866 demum,
1273 828 1546 867 suffragantibus
1561 829 1625 858 sibi
1642 828 1742 857 meri-

354 874 409 912 tis,
437 874 572 913 alioque
603 873 778 903 Canonieo
803 883 873 902 non
900 872 1072 910 obstante,
1100 882 1204 912 super
1234 873 1493 912 irregularitate
1521 873 1614 902 (licto
1642 872 1744 902 modo

354 921 535 948 eontracta
553 917 772 957 dispensetis.
791 917 1012 947 Auetoritate
1032 917 1200 956 predicta,
1226 917 1499 947 misericorditer
1516 926 1594 946 cum
1611 916 1744 946 eodem.

356 963 446 992 Data
464 963 581 999 Rome,
607 962 700 1001 apud
726 961 894 991 Sanctum
921 961 1073 997 Petrum,
1092 971 1113 990 v
1131 961 1215 990 Idus
1241 961 1333 998 Maii,
1358 961 1588 991 Pontificatus
1606 960 1744 990 Domini

356 1007 491 1037 Urbani
508 1007 601 1046 Pupe
619 1005 692 1037 vps
709 1006 811 1036 Anno
828 1005 1032 1035 duodecimo
1051 1003 1112 1044 [15
1129 1005 1222 1045 May,
1241 1003 1356 1045 1389].

308 1066 571 1115 Illegitimacy
590 1079 598 1112 ;
632 1066 942 1114 Dispensaciones
961 1079 1072 1112 super
1091 1065 1236 1113 defectu
1256 1065 1517 1110 nandium,—

311 1121 353 1151 In
372 1122 495 1151 favour
512 1121 548 1151 of
566 1121 718 1151 Richard
736 1120 924 1160 Trenyher,
943 1120 1047 1158 elerk,
1066 1119 1084 1132 “
1099 1120 1140 1149 (10
1158 1120 1352 1159 presbitero
1377 1120 1516 1159 genitus
1540 1122 1575 1149 et
1601 1119 1714 1149 soluta
1726 1118 1744 1131 '⁷

359 1164 411 1205 (in
430 1166 483 1196 the
500 1175 645 1196 common
660 1163 898 1203 form).—'l'he
917 1164 1037 1194 Letter
1054 1163 1090 1194 of
1107 1164 1313 1203 Augustino,
1334 1164 1464 1203 Bishop
1481 1164 1517 1194 of
1535 1164 1652 1194 Penne
1676 1164 1745 1194 and

356 1210 445 1248 Atri,
463 1220 535 1240 was
552 1210 657 1240 dated
674 1211 711 1239 at
737 1209 786 1239 St.
805 1209 947 1245 Peter’s,
965 1209 1083 1246 Rome,
1110 1209 1150 1239 18
1175 1209 1284 1248 April,
1303 1208 1561 1239 1380.—Dated
1585 1210 1621 1238 at
1647 1207 1744 1238 Glas-

354 1265 433 1294 ney,
451 1254 487 1284 in
504 1255 564 1284 the
582 1253 883 1293 Chapter-House,
901 1252 942 1285 27
962 1252 1052 1293 May.

199 1296 245 1322 sol.
308 1299 446 1337 —-Also,
461 1299 497 1328 in
514 1298 640 1328 favour
656 1298 692 1328 of
708 1297 800 1328 John
818 1297 1001 1337 Kyinlwle,
1016 1297 1163 1335 scholar,
1180 1296 1249 1327 “de
1267 1297 1379 1327 soluto
1397 1297 1536 1334 genitus
1552 1299 1587 1326 et
1605 1295 1746 1327 soluta”

199 1330 275 1356 ²⁰7b‘
356 1342 406 1381 (iu
443 1343 497 1372 the
525 1352 670 1372 common
702 1340 942 1381 s01·m).—The
975 1342 1095 1372 Letter
1126 1341 1162 1371 of
1195 1341 1345 1371 Brother
1376 1341 1542 1371 Nieholas
1568 1339 1607 1380 [a
1633 1341 1744 1370 Friar-

356 1385 560 1426 Preacher],
580 1387 597 1399 ‘⁸
612 1387 719 1417 Tituli
743 1386 862 1416 Sancti
881 1386 1006 1416 Ciriaci
1031 1385 1209 1415 Presbiter
1234 1385 1461 1418 Curdfflalisss'
1480 1395 1552 1416 was
1576 1385 1692 1419 dated,
1710 1390 1746 1414 at

358 1433 407 1463 St.
425 1432 567 1470 Peter's,
587 1432 705 1469 Rome,
724 1431 742 1460 3
760 1431 853 1470 July,
873 1430 1127 1460 1389.—Date‹]
1146 1432 1181 1459 at
1201 1429 1361 1469 Bishop’s
1386 1430 1540 1468 Taxvton,
1557 1430 1599 1459 28
1618 1429 1709 1468 May.

309 1489 490 1536 Glasney,
514 1487 596 1523 The
617 1485 830 1534 colleg-iate
851 1485 1008 1522 Church
1030 1485 1093 1529 ofg
1128 1484 1201 1520 'l'lce
1227 1484 1371 1531 Bislmp
1392 1484 1496 1520 <leals
1518 1484 1607 1520 with
1627 1497 1652 1520 (ι
1671 1483 1747 1519 ‹lis-

360 1548 450 1590 pute
469 1554 512 1577 as
538 1550 573 1576 ιο
604 1540 663 1576 tlte
691 1539 912 1587 occupation
941 1540 988 1585 of
1009 1552 1034 1574 (ι
1063 1538 1235 1574 οΙιαηιόεν
1262 1539 1438 1586 assigsned
1465 1545 1500 1574 ιο
1527 1551 1593 1574 one
1622 1538 1669 1584 τρί’
1689 1537 1748 1573 tlte

379 1595 576 1640 Vim-s,—

314 1651 475 1682 Thomas.
492 1652 569 1688 ete,
584 1648 765 1688 Preposito
783 1648 936 1678 Eeclesie
954 1649 1072 1677 nostre
1087 1646 1276 1685 Collegiate
1294 1646 1412 1676 Sancti
1425 1646 1566 1685 Thome,
1581 1646 1747 1683 Martii-is,

362 1695 546 1734 Glasneye,
572 1696 607 1723 et
631 1693 803 1723 Willelmo
829 1692 991 1731 Cullyng,
1016 1691 1173 1731 ejusdem
1200 1690 1353 1721 Ecclesie
1379 1690 1562 1728 Canonico,
1589 1690 1747 1727 salutem,

358 1738 559 1770 eta—Cum
584 1738 620 1767 in
644 1737 769 1767 ultima
794 1736 1007 1767 Visitacione
1031 1738 1151 1765 nostra
1175 1735 1360 1772 ordinaria,
1386 1735 1422 1764 in
1445 1735 1568 1765 eadem
1595 1734 1747 1764 Ecclesia

360 1786 479 1814 nostra
497 1782 690 1820 Collegiata
707 1791 768 1821 per
793 1791 855 1811 nos
881 1780 1054 1810 Canonice
1078 1780 1240 1817 exercita,
1257 1779 1431 1818 quandam
1457 1788 1631 1809 cameram
1655 1778 1749 1808 infra

360 1828 525 1858 Clausum
553 1826 645 1856 dicte
678 1825 830 1856 Ecclesie
859 1825 1026 1854 situatam
1052 1824 1202 1853 Domino
1227 1824 1329 1853 Otoni
1356 1823 1585 1862 Frankeleyn,
1610 1823 1749 1853 Vicario

359 1872 468 1912 ipsius
486 1870 801 1909 Εο010510,110111100
816 1869 953 1900 Vicarie
971 1878 1030 1898 sue
1048 1868 1212 1905 debitam,
1225 1868 1337 1897 eidem
1355 1867 1503 1897 Domino
1521 1867 1624 1897 Otoui
1641 1867 1748 1906 assig-

360 1916 570 1953 naverimus,
594 1914 736 1955 justicia
760 1914 795 1944 id
820 1916 1003 1953 poseente5
1035 1912 1143 1950 vobis,
1170 1912 1402 1942 communiter
1425 1914 1461 1942 et
1485 1911 1633 1949 divisim,
1658 1921 1747 1941 com-

362 1960 535 1991 mittimus
562 1962 597 1989 et
625 1959 833 1989 mandamus
857 1957 1021 1997 quatinus
1056 1957 1171 1996 ipsum
1203 1956 1390 1986 Dominum
1425 1956 1573 1986 Otouem
1605 1955 1750 1994 pacifica

360 2005 577 2045 possessione
594 2003 751 2043 ejusdem
770 2012 906 2032 camere
923 2001 1075 2039 gaudere
1094 2001 1200 2030 libere
1217 2000 1443 2040 permittatis,
1461 2002 1493 2030 et
1513 2000 1556 2030 ab
1580 1999 1657 2029 aliis
1674 2009 1749 2038 per-

363 2049 455 2079 mitti
488 2048 590 2078 modo
617 2047 722 2077 simili
749 2046 906 2083 faciatis3
940 2045 1214 2076 contradictores
1245 2047 1280 2074 et
1312 2044 1458 2075 rebelles
1488 2044 1523 2073 in
1555 2043 1620 2074 hac
1651 2045 1751 2083 parte

361 2093 571 2124 auctoritate
588 2094 709 2122 nostra
727 2091 900 2121 Canonice
918 2089 1341 2129 compescendo.-—Dated
1358 2091 1395 2118 at
1412 2088 1571 2128 Bishop’s
1595 2088 1750 2125 Tawton,

362 2138 404 2169 29
422 2138 513 2177 May.

316 2194 470 2243 Lynton
490 2206 499 2239 ;
533 2192 680 2228 Liceat-e
703 2197 738 2227 to
759 2190 1002 2234 celebratefss

320 2248 422 2285 Item,
439 2246 633 2287 penultimo
652 2245 707 2275 die
724 2244 882 2284 ejusdem
907 2243 1047 2281 mensis,
1073 2242 1166 2282 apud
1191 2241 1459 2281 Ilferdycombe,
1478 2240 1648 2271 Dominus
1672 2250 1749 2271 con-

363 2292 466 2322 cessit
492 2291 687 2321 Licenciam
710 2289 865 2319 W'altero
889 2287 1063 2317 Merwode
1080 2289 1115 2317 et
1141 2286 1288 2317 Ricardo
1313 2286 1486 2323 Pasmere,
1509 2285 1599 2324 quod
1616 2285 1750 2324 possint

363 2337 478 2367 facere
502 2334 670 2366 celebrari
696 2333 831 2370 Divina,
849 2334 925 2369 ete,
950 2331 986 2361 in
1012 2331 1152 2371 Capella
1178 2330 1296 2360 Sancti
1320 2329 1490 2360 Johannis
1516 2329 1685 2368 Baptiste,
1708 2329 1750 2358 de

366 2380 555 2420 Forshylle,
574 2379 610 2409 111
628 2377 797 2408 Parochia
821 2377 863 2406 de
889 2377 1048 2416 Lyntone
1073 2375 1212 2413 situata,
1231 2375 1266 2404 iu
1292 2374 1438 2413 singulis
1464 2373 1575 2404 Festis
1592 2373 1749 2414 ejusdem

365 2425 484 2455 Sancti
499 2438 506 2462 ;
530 2434 593 2463 per
609 2432 717 2452 unum
735 2431 865 2451 annum
883 2421 1098 2451 duraturam.

319 2477 783 2525 Letters-Dimissory,—-

321 2535 472 2564 Thomas
500 2533 580 2573 Eyr,
606 2532 754 2568 literate,
780 2529 798 2543 “
811 2530 855 2560 ad
879 2538 1001 2560 omnes
1024 2531 1096 2559 tam
1123 2528 1275 2558 Minores
1299 2537 1401 2567 quam
1420 2526 1529 2558 eciam
1549 2526 1672 2557 Sacros
1690 2525 1750 2556 Or-

366 2577 493 2608 dines’⁷
524 2575 711 2616 (Sherwill,
737 2575 777 2605 31
798 2571 909 2614 May).

209 2636 672 2684 [lum-Northmoltom—

210 2672 267 2700 tm]
317 2691 360 2732 (i)
387 2692 591 2722 Mandatum*
615 2690 779 2719 directum
803 2689 935 2718 Decano
959 2686 1104 2717 Ecclesie
1124 2685 1337 2718 Cathetlralis
1359 2685 1496 2723 Eronie,
1515 2684 1558 2713 ίιᾱ
1575 2683 1749 2714 citandum

367 2736 557 2774 Confi-atres
581 2743 657 2765 suos
682 2735 884 2763 tractaturos
908 2741 945 2762 cu
954 2741 984 2760 m
1007 2731 1150 2761 Domino
1174 2740 1274 2768 super
1297 2729 1585 2768 Appropriacz'one
1608 2727 1752 2758 Ecclesie

364 2778 576 2810 parochialis
593 2779 632 2808 de
649 2776 959 2814 Northmoltone,—-

321 2824 481 2862 Thomas,
498 2826 574 2860 etc„
593 2822 733 2853 Decano
751 2820 904 2851 Ecclesie
921 2821 1038 2850 nostre
1056 2818 1276 2849 Cathedralis
1300 2816 1516 2854 Exoniensis,
1534 2826 1604 2854 500,
1622 2815 1657 2845 in
1674 2815 1752 2856 ejus

366 2867 538 2905 absencia,
563 2865 758 2897 Presidenti
791 2863 942 2906 Capituli
974 2863 1131 2905 ejusdem
1171 2862 1335 2901 Ecclesie,
1367 2860 1525 2899 salutem,
1557 2859 1750 2891 eta-Fre-
