1907 3212
193 318 285 362 608

192 431 266 456 A.D.

193 465 292 490 1385-6.

192 497 251 523 Vol.
271 499 291 523 1.

190 1006 224 1030 fol
255 1007 307 1032 153.

408 332 507 365 THE
543 332 782 365 REGISTER
817 332 876 364 OF
912 331 1088 365 BISHOP
1123 331 1524 365 BRANTYNGHAM.

349 435 517 474 injunctis
543 436 711 473 relaxant,
743 435 946 475 animasque
978 438 1163 475 parentum
1195 436 1249 466 vel
1282 436 1473 466 amicorum
1506 435 1642 465 illorum
1675 433 1731 473 qui

349 480 555 509 elemosinas
572 480 621 509 eis
639 480 825 510 conferunt
842 480 883 509 (le
909 480 1126 519 Purgatorio,
1144 482 1183 510 ut
1200 480 1416 510 mendaciter
1432 481 1603 516 asserunt,
1620 480 1731 508 extra-

351 523 438 553 hunt
454 526 485 553 01
506 525 549 553 ad
567 524 694 563 gaudia
712 524 869 555 Paradisi
887 525 1082 563 perducunt
1097 539 1104 562 ;
1122 524 1405 555 benefactoribus
1421 525 1575 554 locorum
1586 531 1731 563 quorum

347 572 526 605 questores
553 568 708 599 existunt
734 568 974 598 remissionem
1002 569 1194 608 plenariam
1224 571 1446 608 peccatorum
1474 567 1668 606 indulgent,
1697 570 1731 596 01

347 612 451 650 aliqui
469 622 509 642 cx
527 612 611 652 ipsis
628 622 686 642 eos
704 623 722 642 a
740 622 830 652 pena
847 615 881 642 et
899 613 1010 652 culpa,
1028 615 1067 643 ut
1091 623 1210 643 eorum
1228 613 1343 643 verbis
1360 615 1510 649 utamur,
1528 612 1730 647 absolvunt5

347 656 530 695 porrigunt
543 656 778 687 Romanorum
793 656 1002 687 Pontificum
1013 662 1049 687 et
1059 657 1205 687 aliorum
1221 657 1471 697 Episcoporum
1485 655 1732 694 Indulgencias

346 700 541 731 excessivas
557 700 646 731 falso
663 701 894 740 continentes,
911 704 946 731 et
962 701 1147 741 presertim
1165 701 1255 741 quod
1272 711 1334 741 per
1359 701 1520 731 Summos
1544 699 1731 730 Pontifices

346 744 549 774 conceditur
565 745 712 784 singuiis
729 745 925 775 animarum
944 745 1082 776 Curatis
1099 747 1255 785 potestas
1279 745 1481 776 absolvendi
1504 743 1731 784 parochianos

347 798 426 818 suos
451 789 557 819 semel
581 789 617 819 in
641 799 742 828 anno,
760 800 949 829 congruam
974 790 1209 830 quantitatem
1226 791 1267 820 de
1284 789 1384 820 bonis
1401 789 1472 820 suis
1490 788 1731 828 Hospitalibus

347 833 515 863 Locorum
537 843 684 873 quorum
716 836 906 874 questores,
938 836 977 864 ut
1008 833 1194 874 prefertur,
1227 834 1392 871 existunt,
1425 832 1655 870 conferentes,
1689 832 1731 861 de

344 877 497 915 peccatis
515 878 586 908 suis
603 878 887 918 quibuscumque,
905 879 972 909 11131
989 879 1075 909 talia-
1091 878 1224 909 fuerint
1242 888 1346 918 super
1362 878 1487 917 quibus
1510 877 1616 907 Sedes
1639 876 1729 916 Apo-

346 921 469 951 stolica
484 921 592 952 fuerit
610 922 735 953 merito
753 922 983 959 consulenda3
1009 923 1125 962 sicque
1150 925 1185 953 et
1209 923 1305 961 alias,
1330 932 1392 962 per
1414 921 1582 952 nonnulla
1605 920 1730 951 frivola

345 967 377 995 et
396 966 588 1004 mendacia,
605 968 744 997 nostros
762 967 918 997 subditos
935 967 1114 1006 decipiunt
1131 970 1166 997 et
1178 976 1326 1006 magnas
1335 966 1562 1006 pecuniarum
1577 974 1731 996 summas

349 1012 566 1049 extorquent,
584 1011 714 1049 subtili,
733 1021 793 1041 seu
810 1010 926 1041 fallaci
944 1012 1072 1050 pocius,
1098 1011 1238 1051 ingenio
1262 1011 1306 1041 ab
1322 1010 1463 1049 eisdem,
1481 1010 1517 1040 in
1533 1009 1729 1040 animarum

344 1063 485 1084 suarum
514 1055 646 1093 grando
673 1055 867 1094 periculum
895 1058 930 1085 et
963 1056 1165 1086 scandalum
1197 1056 1437 1095 plurimorum.
1496 1055 1577 1092 Nos,
1610 1053 1728 1093 igitur,

345 1098 473 1129 abusus
495 1099 706 1139 hujusmodi,
723 1110 785 1139 per
809 1110 894 1139 quos
918 1100 1074 1130 Censura
1090 1100 1226 1130 vilescit
1251 1099 1496 1130 Ecclesiastica
1519 1101 1554 1128 et
1572 1098 1728 1128 Clarium

346 1142 498 1173 Ecclesie
527 1144 717 1174 auctoritas
744 1144 927 1174 deducitur
950 1145 985 1174 in
1014 1147 1264 1184 contemptum,
1282 1154 1321 1174 ae
1339 1143 1520 1174 invalescit
1536 1142 1729 1182 perieulum

344 1187 551 1225 animarum,
569 1188 766 1218 omnimode
784 1188 913 1219 aboleri
931 1188 1098 1226 volentes,
1114 1189 1223 1227 vobis,
1246 1190 1323 1226 010,
1340 1188 1549 1218 mandamus
1565 1186 1730 1226 quatinus

343 1231 378 1260 in
408 1231 554 1271 singulis
581 1232 751 1272 Capitulis
771 1243 833 1272 per
848 1243 909 1263 vos
930 1233 1155 1271 celebrandis,
1173 1233 1334 1263 omnibus
1356 1235 1391 1262 et
1416 1232 1562 1271 singulis
1579 1231 1728 1268 Curatis,

344 1285 405 1314 per
421 1276 533 1306 dictas
549 1279 689 1307 nostras
714 1277 902 1307 Civitatem
927 1280 962 1307 et
987 1277 1159 1308 Diocesim
1184 1277 1331 1307 ubilibet
1355 1276 1565 1313 constitutis,
1591 1278 1627 1305 et
1652 1275 1729 1305 aliis

344 1319 493 1350 subditis
506 1321 636 1351 nostris
649 1321 933 1361 quibuscumque,
945 1324 1047 1361 prout
1065 1321 1108 1352 ad
1123 1321 1277 1360 singulos
1290 1323 1445 1351 vestrum
1460 1320 1598 1358 attinet,
1612 1319 1727 1359 palam

344 1366 378 1393 et
396 1364 532 1403 publice
549 1365 748 1401 inhibeatis,
760 1368 836 1403 010.,
848 1376 891 1396 00
908 1366 1091 1406 quisquam
1108 1375 1227 1396 eorum
1245 1367 1441 1406 questoreln
1459 1364 1725 1395 elemosinarum

343 1408 452 1438 ullum
470 1409 645 1447 admittat,
663 1410 730 1440 nisi
748 1410 874 1440 Literis
890 1410 1031 1448 nostris,
1049 1412 1125 1448 ete.,
1142 1409 1299 1440 munitus
1316 1410 1452 1447 existat,
1467 1411 1502 1439 et
1515 1411 1599 1438 tunc
1614 1408 1726 1447 predi-

343 1462 421 1483 care
439 1453 582 1483 minime
599 1454 845 1493 permittatur3
871 1456 924 1484 set
942 1454 1064 1485 Curati
1081 1455 1250 1485 Locorum
1267 1454 1376 1493 ipsius
1392 1453 1539 1492 negocia
1554 1456 1589 1483 et
1608 1452 1725 1482 Indul-

342 1497 484 1535 gencias
498 1500 600 1537 prout
613 1508 633 1528 a
648 1498 773 1528 Literis
787 1498 974 1538 Papalibus
984 1508 1047 1538 per
1059 1509 1122 1529 1103
1135 1498 1352 1536 examinatis,
1366 1498 1419 1528 Vel
1433 1497 1572 1535 nostris,
1585 1497 1726 1526 valeant

343 1541 466 1571 elicere
484 1542 674 1579 evidenter,
699 1543 792 1582 plebi
816 1543 915 1573 nobis
940 1543 1096 1583 subjecte
1121 1545 1297 1582 exponant
1320 1542 1493 1572 veraciter
1515 1544 1550 1571 et
1568 1541 1726 1578 fideliter,

342 1588 381 1615 ut
411 1588 586 1625 tenentur,
615 1597 679 1617 nee
706 1587 851 1617 credant
879 1587 1010 1617 cedulis
1034 1586 1134 1618 falsis
1162 1597 1247 1627 (111113
1276 1587 1360 1626 ipsis
1389 1586 1504 1625 sepius
1529 1585 1724 1624 porrigunt,

343 1632 380 1659 ut
399 1630 586 1669 prefertur,
602 1631 669 1661 nisi
687 1631 807 1661 cedule
824 1631 1025 1671 hujusmodi
1047 1641 1110 1670 per
1125 1641 1188 1661 1103
1206 1631 1302 1671 prius
1317 1630 1449 1660 fuerint
1466 1630 1673 1667 examinate,
1691 1631 1726 1659 et

343 1674 533 1713 approbate
557 1676 668 1705 nostri
693 1675 920 1715 impressione
946 1675 1060 1714 sigilli.
1107 1676 1225 1714 Vobis,
1242 1675 1394 1714 insuper,
1412 1673 1675 1705 Archidiaconis
1692 1677 1727 1703 et

343 1718 555 1749 Officialibus
578 1720 756 1759 predictis,
781 1719 980 1750 inhibemus
1003 1730 1047 1750 ne
1071 1720 1204 1759 aliquos
1228 1722 1407 1759 questores
1431 1718 1641 1759 hujusmodi,
1660 1717 1726 1747 nisi

344 1763 469 1793 Literis
495 1764 634 1802 nostris,
662 1766 702 1793 ut
727 1764 913 1803 prefertur,
931 1764 1059 1794 muniti
1084 1764 1227 1803 fuerint,
1255 1763 1462 1799 admittatis,
1491 1772 1554 1792 000
1586 1761 1725 1792 eosdem

343 1810 522 1846 questores
539 1808 583 1838 ad
599 1808 849 1847 porrigendum
866 1808 1067 1848 hujusmodi
1089 1809 1229 1838 cedulas
1254 1808 1422 1838 Locorum
1441 1806 1580 1837 Curatis
1597 1806 1725 1846 aliqua-

342 1851 422 1881 liter
447 1852 661 1891 permittatis
685 1853 752 1883 nisi
768 1863 831 1892 per
846 1863 909 1883 nos
924 1853 1021 1892 prius
1038 1852 1180 1891 fuerint,
1197 1852 1408 1892 etc—They
1426 1861 1517 1882 were
1542 1854 1578 1881 to
1599 1850 1726 1890 001111)Γ

343 1895 403 1925 the
436 1896 566 1935 Bishop
598 1907 641 1926 on
673 1897 718 1927 all
757 1897 874 1936 points
911 1897 1032 1927 before
1065 1896 1420 1928 Pentecost.-Dated
1456 1898 1492 1926 at
1529 1894 1725 1934 Faringdon

347 1938 504 1980 (Hants),
524 1940 564 1972 17
583 1941 714 1971 March.

296 1992 562 2040 Ilt'racombe3
593 1994 817 2033 Commissio
846 1996 900 2032 acl
926 1995 1279 2043 condempnandum·
1308 2000 1436 2042 sponte
1473 1995 1653 2042 confessos
1681 1993 1726 2029 de

351 2049 554 2093 debita,-

301 2102 461 2141 Thomas,
480 2106 555 2142 010,
574 2103 733 2135 Dominis
750 2104 909 2142 Ricardo,
928 2104 1101 2145 Perpetuo
1125 2104 1265 2135 Vicario
1290 2103 1443 2134 Ecelesie
1466 2102 1508 2133 de
1526 2102 1674 2140 Mortho,
1692 2104 1727 2132 et

347 2147 534 2187 Stephano,
568 2148 757 2188 Capellano
785 2148 979 2179 Paroehiali
1012 2148 1166 2180 Ecclesie
1194 2149 1235 2178 cle
1270 2147 1526 2187 Ilferdycombe
1541 2161 1547 2184 ;
1580 2156 1726 2184 necnon,

347 2191 516 2231 Magistro
540 2192 693 2223 Waltero
718 2192 845 2231 Durke,
871 2193 1005 2231 clerico,
1034 2193 1194 2231 salutem,
1211 2192 1378 2223 eto—Ad
1402 2191 1614 2222 audiendum
1639 2190 1726 2221 Con-

346 2236 515 2267 fessiones
532 2246 826 2277 quorumcumque
844 2234 1051 2276 debitorum,
1068 2237 1287 2277 presencium
1307 2238 1343 2267 et
1359 2235 1568 2273 futurorum,
1587 2235 1725 2265 Domini

346 2280 476 2310 Thome
492 2281 653 2319 Bai-tone,
668 2281 824 2312 Hectoris
838 2281 991 2312 Ecelesie
1002 2282 1138 2321 prefate
1155 2281 1196 2312 de
1208 2280 1476 2320 Ilferdycombe,
1489 2289 1605 2310 eoram
1618 2279 1726 2317 vobis,

347 2327 408 2354 aut
425 2325 539 2364 aliquo
555 2328 721 2363 vestrum,
740 2335 775 2355 se
800 2325 912 2356 teneri
938 2326 1051 2356 eidem
1076 2326 1224 2356 Domino
1248 2325 1378 2355 Thome
1401 2325 1437 2354 in
1454 2324 1726 2364 quibuscumque

346 2369 572 2407 pecuniarum
590 2370 735 2399 summis
757 2371 880 2409 sponte
904 2370 1061 2400 confiteri
1086 2370 1292 2407 voleneium‚
1310 2369 1517 2408 eosdemque
1541 2367 1725 2405 debitores,

347 2422 466 2443 omnes
483 2416 518 2443 et
543 2413 708 2452 singulos,
724 2416 903 2453 presentes
927 2416 962 2444 et
985 2414 1134 2453 futuros,
1150 2414 1186 2444 in
1211 2413 1483 2453 quibuscumque
1499 2411 1724 2452 pecuniarum

347 2457 492 2487 summis
510 2466 625 2487 coram
643 2457 750 2496 vobis,
762 2460 822 2488 aut
839 2458 953 2498 aliquo
970 2460 1136 2495 vestrum,
1150 2458 1209 2496 sic,
1226 2460 1266 2488 ut
1281 2457 1508 2496 premittitur,
1520 2455 1727 2486 confessatis

348 2510 408 2530 seu
435 2500 674 2532 confessandis
705 2502 818 2532 eidem
847 2502 995 2533 Domino
1021 2502 1162 2540 Thome,
1190 2502 1245 2532 vel
1273 2501 1494 2532 Procuratori
1525 2510 1587 2530 suo
1618 2499 1726 2539 ipsius

347 2545 497 2583 nomine,
510 2545 610 2584 juxta
626 2545 779 2585 ipsorum
797 2549 1007 2586 spontaneas
1025 2546 1268 2577 Confessiones
1283 2545 1483 2585 hujusmodi
1497 2559 1504 2582 3
1520 2553 1665 2581 necnon,
1683 2544 1727 2573 ad

348 2589 628 2619 observacionem
646 2590 725 2620 fidei
742 2592 777 2620 et
792 2591 983 2630 juramenti
999 2601 1062 2630 per
1080 2591 1183 2630 ipsos,
1200 2593 1261 2621 aut
1280 2600 1399 2620 eorum
1426 2589 1585 2628 aliquem,
1608 2588 1643 2617 in
1661 2587 1727 2617 hae

348 2635 447 2671 parte
464 2633 661 2673 interpositi
679 2636 714 2664 01
726 2635 865 2673 prestiti
882 2635 1038 2674 legitime
1055 2634 1392 2674 condempnandum,
1407 2633 1647 2672 debitoresque
1663 2631 1725 2661 hu-

346 2677 497 2715 jusmodi
511 2677 555 2707 ad
568 2677 855 2709 satisfaciendum
872 2679 985 2709 eidem
1002 2679 1151 2710 Domino
1168 2679 1309 2716 Thome,
1327 2687 1388 2707 seu
1400 2677 1477 2717 ejus
1493 2675 1725 2711 Procuratori,

348 2720 390 2750 de
411 2721 638 2760 pecuniarum
661 2723 806 2753 summis
829 2723 865 2752 in
890 2723 1014 2763 quibus
1035 2723 1084 2754 sic
1101 2722 1345 2762 condempnati
1363 2721 1527 2759 existunt,
1544 2729 1606 2759 per
1627 2729 1725 2759 quas-

349 2774 495 2804 cumque
513 2765 686 2796 Censuras
703 2765 965 2798 Ecclesiastieas
981 2767 1106 2807 quibus
1122 2767 1158 2797 id
1174 2767 1249 2797 fieri
1265 2765 1427 2797 convenit
1444 2763 1617 2795 Canonioe
1635 2773 1725 2793 eom-

348 2808 563 2847 pellendum3
581 2809 678 2840 vobis
695 2812 729 2840 01
746 2811 888 2841 cuilibet
903 2813 1059 2842 vestrum
1076 2821 1138 2851 per
1154 2820 1200 2849 se,
1218 2809 1356 2840 divisim
1373 2811 1409 2839 et
1424 2808 1460 2839 in
1478 2807 1636 2845 solidum,
1649 2808 1726 2845 etc.‚

348 2853 600 2883 committimus
623 2853 717 2884 vices
740 2856 889 2893 nostras,
908 2855 1017 2886 donec
1040 2865 1100 2886 eas
1122 2855 1166 2885 ad
1190 2864 1252 2885 nos
1276 2853 1478 2884 duxerimus
1504 2851 1725 2883 revocandas.

349 2896 505 2926 ψ1)·0111111
524 2903 559 2927 at
578 2897 776 2937 Faringdon
797 2896 954 2939 (Hants),
971 2899 1013 2928 22
1031 2898 1160 2929 March.

1894 2370 1903 2524 ---·-·‘···-r·--
1894 2167 1907 2357 naam-anhn
