1907 3212
863 326 1094 360 PREFAOE.
1632 311 1749 357 xxix

257 432 368 461 tatem
392 432 428 461 et
451 431 625 462 Diocesim
649 433 862 464 Exonienses
885 433 973 474 juris
997 434 1049 464 sui
1076 432 1322 472 Metropolitici
1346 432 1557 462 auctoritate
1580 430 1750 468 visitanti,

259 484 341 505 suus
358 475 501 506 humilis
518 479 553 506 et
574 476 720 507 devotus
738 477 931 508 Willelmus
958 478 1032 508 Fitz
1050 478 1177 514 Water,
1198 477 1306 514 Miles,
1323 476 1560 506 reverenciam
1585 478 1620 505 et
1644 475 1749 505 hono-

258 529 331 549 rem
344 522 443 550 tanto
456 520 551 550 Patri
563 521 709 558 debitos,
721 531 798 551 cum
812 522 941 553 honore
959 521 1056 561 (sic).
1104 522 1158 551 Ad
1174 521 1364 552 Ecclesiam
1379 520 1617 550 parochialem
1630 518 1751 550 Sancti

260 563 427 602 Nythani,
447 564 653 595 Exoniensis
678 566 843 603 Diocesis,
867 570 1062 603 vacantem,
1081 568 1115 596 et
1132 566 1175 596 ad
1193 575 1305 595 meam
1325 564 1629 595 Presentacionem
1653 573 1748 603 spec-

258 609 406 645 tantem,
439 608 605 639 dilectum
637 610 743 640 michi
772 610 807 639 in
837 610 986 648 Christo,
1019 611 1210 640 Robertum
1245 609 1351 649 Baby,
1383 611 1498 639 vestre
1538 607 1749 638 Pateruitati

262 651 464 682 Reverendo
488 656 673 693 presento;
699 654 879 684 humiliter
903 655 1102 694 supplicans
1126 657 1161 684 et
1185 655 1309 683 devote
1335 653 1500 692 quatinus
1528 653 1659 682 (lictum
1687 652 1751 681 Ro-

261 695 400 726 bertum
425 697 468 726 ad
490 698 637 727 eandem
663 698 853 728 Ecclesiam
879 699 1065 728 admittere
1085 699 1268 738 ipsumque
1293 697 1466 727 Canonice
1490 697 1685 733 instituere,
1712 705 1753 725 ac

261 742 379 770 cetera
395 741 512 771 omnia
528 751 594 781 que
610 744 728 772 vestro
745 743 780 772 in
802 742 864 773 hac
890 748 988 781 parte
1012 743 1220 772 incumbunt
1245 742 1365 772 Officio
1391 741 1562 771 Pastorali
1585 749 1753 780 peragere

261 784 463 823 dignemini,
481 786 613 815 intuitu
629 787 796 816 caritatis.
845 787 885 816 In
904 787 1003 827 cujus
1020 786 1069 816 rei
1086 786 1326 816 testimonium
1352 785 1577 815 Presentibus
1600 784 1751 824 sigillum

262 838 377 858 meum
407 830 561 868 apposui.
616 831 707 860 Data
731 831 823 870 apud
850 831 1088 870 Langenyffle,
1113 832 1236 870 quarto
1261 830 1316 860 die
1340 829 1482 868 Aprilis,
1511 829 1613 858 Anno
1641 828 1752 867 Regni

262 872 367 911 Regis
386 873 524 904 Ricardi
544 874 693 904 Secundi
710 878 789 914 post
806 875 1042 915 Conquestum
1060 875 1185 913 Anglie
1203 874 1351 914 septimo
1370 872 1410 913 [4
1428 873 1535 913 April,
1554 870 1692 912 1384].”

298 925 361 962 On
392 927 591 976 receiving
620 927 700 964 this
732 928 869 965 Letter
894 928 936 965 of
963 928 1256 972 Presentation,
1288 928 1357 964 the
1386 926 1645 975 Archbishop,
1677 925 1753 963 evi-

217 978 358 1029 dently
378 981 607 1030 suspecting
636 995 687 1018 no
707 982 794 1026 evil,
818 981 983 1019 ordered
1005 981 1072 1019 the
1101 986 1327 1031 customary
1360 981 1603 1029 Inquisition
1634 986 1676 1016 to
1706 978 1754 1016 be

218 1032 308 1070 held
329 1046 372 1070 as
400 1038 442 1071 to
472 1034 540 1072 the
567 1035 675 1084 right
695 1035 737 1072 of
768 1036 1003 1085 Patronage,
1027 1040 1100 1081 etc,
1123 1035 1201 1072 and
1223 1036 1255 1072 it
1276 1049 1354 1071 was
1385 1036 1507 1071 taken
1527 1040 1571 1071 at
1591 1034 1754 1071 Exmin-

216 1090 298 1124 ster
318 1086 371 1137 by
390 1087 452 1125 his
473 1088 717 1126 Chancellor.

218 1165 240 1182 “
257 1162 490 1205 INQUISICIO
520 1175 651 1200 CAPTA
680 1175 809 1201 SUPER
836 1176 942 1202 JURE
962 1165 1235 1202 PATRONATUS
1258 1175 1440 1201 EJUSDEM
1469 1163 1755 1207 ECCLESIE,¹—

214 1231 276 1257 xv0
293 1228 348 1258 die
370 1229 512 1268 Aprilis,
528 1230 631 1259 Anno
648 1230 799 1267 Domini,
817 1230 885 1267 ἄτα,
902 1230 1077 1271 lxxxiiijtt’,
1094 1231 1129 1260 in
1149 1231 1290 1270 Capella
1308 1230 1455 1260 Manerii
1473 1230 1514 1260 de
1532 1230 1755 1268 Exmynstre,

260 1272 467 1312 inquisitum
495 1273 564 1303 fuit
590 1284 652 1313 per
681 1274 890 1313 Magistrum
917 1275 1029 1304 Adam
1055 1276 1096 1305 de
1124 1275 1304 1312 Mottrum,
1331 1274 1585 1304 Cancellarium
1614 1273 1755 1303 Domini

261 1316 536 1356 Cantuariensis,
561 1328 582 1348 a
607 1318 767 1349 Dominis
785 1319 976 1349 Laurencio
1002 1320 1124 1349 Drewe
1149 1322 1184 1349 et
1210 1319 1362 1349 Roberto
1387 1319 1535 1355 Kernec,
1553 1318 1753 1357 capellanis,

261 1370 365 1400 super
380 1362 567 1392 vacacione
583 1363 740 1401 predicte
758 1363 922 1393 Ecclesie.
970 1363 1035 1401 Qui
1060 1364 1233 1401 dixerunt,
1258 1373 1321 1402 per
1338 1364 1558 1393 sacramenta
1575 1371 1646 1399 sua,
1664 1361 1755 1401 quod

262 1405 431 1435 Dominus
449 1406 642 1436 Willelmus
668 1407 743 1436 Fitz
770 1407 887 1438 Water
911 1408 1132 1446 supradictus
1156 1408 1226 1437 fnit
1250 1410 1285 1437 et
1310 1410 1363 1437 est
1387 1407 1497 1446 ipsius
1523 1406 1676 1436 Ecclesie
1691 1406 1754 1436 Pa-

259 1451 392 1487 tronus,
406 1452 439 1480 et
457 1451 581 1481 ultimo
597 1452 815 1490 presentavit
831 1451 875 1482 ad
892 1452 1038 1481 eandem
1052 1467 1058 1489 ;
1075 1456 1110 1487 et
1127 1452 1216 1491 quod
1235 1452 1328 1481 dicta
1346 1451 1501 1481 Ecclesia
1516 1460 1579 1489 pro
1595 1454 1680 1480 tunc
1696 1460 1753 1480 va-

260 1494 352 1523 cavit
370 1504 432 1533 per
447 1497 596 1525 mortem
614 1496 754 1525 Domini
774 1496 945 1533 Willelmi,
958 1497 1073 1526 ultimi
1092 1497 1250 1526 Rectoris
1266 1496 1415 1532 ibidem3
1432 1496 1590 1534 quodque
1608 1495 1753 1525 Presen-

256 1540 352 1568 tatus
366 1538 410 1568 ad
422 1539 569 1569 eandem
587 1542 640 1569 est
654 1540 743 1570 bone
760 1541 1038 1570 conversacionis
1055 1543 1091 1570 et
1107 1540 1263 1577 honeste,
1277 1542 1449 1579 quatenus
1460 1540 1562 1569 iidem
1578 1539 1755 1569 sciverunt

257 1584 293 1612 et
318 1582 633 1613 audiverunt—Et
659 1584 911 1624 subsequenter
936 1585 1028 1614 idem
1058 1584 1295 1614 Cancellarius
1328 1584 1476 1614 eundem
1508 1584 1755 1613 Presentatum

257 1626 399 1657 admisit
415 1627 459 1657 ad
476 1628 607 1658 dictam
626 1628 830 1667 Ecclesiam,
847 1631 887 1658 ut
903 1633 955 1659 est
975 1628 1114 1659 moris.''

294 1679 357 1716 On
378 1680 447 1718 the
467 1694 573 1718 same
602 1681 691 1731 day,
714 1682 783 1719 the
813 1682 1078 1731 Archbishop,
1101 1682 1306 1732 evidently
1338 1681 1508 1718 without
1529 1681 1751 1730 misgiving‚

211 1733 427 1771 instituted
445 1735 512 1772 the
527 1735 750 1782 Presentee,
768 1736 847 1773 and
868 1736 1000 1773 issued
1022 1737 1081 1773 his
1104 1736 1297 1773 Mandate
1313 1736 1375 1772 for
1390 1736 1450 1772 his
1467 1735 1752 1780 Induction,—

213 1814 235 1830 “
252 1810 489 1848 INSTITUCIO
520 1822 772 1857 mmmm,-

213 1876 415 1914 WiHeImus,
451 1878 678 1917 permissione
719 1879 856 1916 Divina,
895 1878 1199 1909 etc—Civitatem
1239 1885 1273 1909 et
1314 1878 1487 1909 Diocesim
1528 1877 1752 1916 Exonienses,

255 1923 374 1951 nostre
386 1921 650 1953 Cantuariensis
661 1922 853 1960 Provincie‚
863 1923 940 1962 jure
953 1923 1208 1962 Metropolitico
1220 1923 1407 1953 actualiter
1417 1922 1612 1960 visitantes,
1626 1921 1754 1952 dilecto

256 1964 292 1994 in
319 1964 459 1996 Christo
486 1966 567 2004 filio,
592 1967 741 1997 Domino
767 1967 919 1997 Roberto
945 1967 1053 2007 Baby,
1081 1967 1286 2006 presbitero,
1312 1967 1472 2004 salutem,
1493 1966 1661 1997 etc—Ad
1690 1966 1752 1996 Ec-

256 2009 398 2039 clesiam
416 2010 656 2041 Paroehialem
676 2010 795 2041 Sancti
813 2011 981 2051 Nythani,
1000 2011 1091 2041 dicte
1115 2011 1321 2042 Exoniensis
1340 2011 1505 2048 Diocesis,
1524 2011 1587 2050 per
1603 2012 1754 2040 mortem

258 2053 399 2083 Domini
410 2054 584 2092 Willelmi,
599 2055 715 2084 ultimi
729 2055 887 2085 Rectoris
904 2055 1072 2095 ejusdem,
1090 2058 1272 2086 vacantem
1289 2069 1296 2092 3
1313 2055 1357 2086 ad
1373 2065 1477 2095 quam
1490 2065 1552 2095 per
1564 2055 1754 2085 Dominum

255 2097 466 2127 Willelmum
486 2098 561 2128 Fitz
580 2099 707 2135 Water,
726 2099 885 2136 Militem,
903 2109 1024 2129 verum
1041 2099 1151 2139 ipsius
1170 2100 1322 2130 Ecclesie
1341 2100 1544 2136 Pati-onum,
1559 2099 1659 2129 nobis
1675 2108 1750 2137 pre-

257 2143 418 2172 sentatus
442 2142 573 2179 existis,
591 2144 636 2179 te,
654 2146 758 2182 prout
783 2144 827 2173 ad
852 2153 924 2181 nos,
942 2143 1157 2174 Visitacione
1182 2146 1304 2174 nostra
1327 2144 1587 2183 Metropolitica
1604 2143 1640 2173 in
1657 2143 1753 2173 dicta

257 2185 394 2216 Diocesi
418 2187 604 2226 pendente,
622 2186 815 2217 dinoscitur
839 2187 1024 2225 pertinere,
1049 2188 1278 2226 admittimus,
1303 2191 1339 2219 et
1364 2188 1560 2225 Rectorem,
1578 2197 1656 2218 cum
1682 2187 1754 2218 suis

257 2229 394 2270 juribus
411 2232 446 2260 et
462 2230 690 2269 pertinenciis
706 2232 889 2270 universis,
908 2232 1082 2263 Canonice
1099 2232 1318 2263 instituimus
1334 2233 1371 2263 in
1388 2232 1510 2262 eadem
1524 2246 1531 2269 ;
1548 2242 1666 2262 curam
1679 2231 1751 2261 ani-

255 2283 392 2304 marum
409 2274 702 2314 parochianorum
719 2275 878 2316 ejusdem
899 2276 1054 2307 Ecclesie
1078 2276 1142 2307 tibi
1166 2277 1203 2307 in
1221 2276 1369 2307 Domino
1387 2277 1661 2307 committentes.
1709 2275 1752 2306 In

255 2317 356 2358 cujus
374 2318 424 2348 rei
441 2318 682 2349 testimonium
702 2320 853 2359 sig-illum
880 2323 1037 2351 nostrum
1063 2320 1289 2351 Presentibus
1314 2321 1476 2351 duximus
1493 2320 1751 2360 apponendum.

254 2362 346 2392 Data
359 2362 450 2401 apud
463 2362 684 2402 Exmynstre,
697 2364 789 2394 dicte
807 2364 1013 2395 Exoniensis
1031 2365 1196 2402 Diocesis,
1211 2369 1270 2395 xv0
1285 2365 1340 2395 die
1353 2365 1483 2395 mensis
1497 2365 1636 2404 Aprilis,
1648 2364 1751 2394 Anno

255 2406 395 2436 Domini
415 2406 599 2437 Millesimo
617 2407 747 2438 ΟΟΟΠ10
765 2408 940 2449 lxxxiiijw,
958 2412 993 2439 et
1009 2412 1129 2440 nostre
1147 2409 1403 2440 Translacionis
1420 2408 1560 2440 tercio.''

212 2464 498 2502 “MANDATUM
529 2477 583 2502 AD
615 2477 890 2504 INDUCENDUM
921 2479 1077 2505 DICTUM
1109 2479 1472 2513 PRESENTATUM,—

210 2530 414 2569 Willelmus,
443 2534 519 2569 etc.,
538 2531 742 2570 Visitantes‚
769 2540 846 2571 etc.,
873 2534 1010 2565 dilectis
1038 2535 1073 2564 in
1103 2534 1243 2565 Christo
1272 2535 1362 2571 filiis,
1388 2534 1642 2565 Archidiacono
1671 2533 1752 2564 Cor-

253 2575 369 2613 nubie,
386 2575 441 2605 vel
458 2576 533 2616 ejus
551 2576 708 2614 Officiali,
727 2587 767 2607 ac
793 2578 944 2608 Roberto
965 2579 1091 2618 Herry,
1110 2579 1283 2618 Perpetuo
1305 2579 1445 2609 Vieario
1469 2577 1622 2608 Ecclesie
1649 2577 1751 2608 Paro-

255 2619 377 2649 chialis
394 2619 436 2649 de
453 2620 741 2660 Tywardraythe,
760 2622 920 2660 salutem,
938 2623 1141 2662 etc—Quia
1158 2633 1220 2653 nos
1238 2623 1424 2653 Dominum
1442 2623 1632 2652 Robertum
1645 2622 1754 2661 Baby,

253 2663 498 2702 presbiterum,
523 2664 567 2694 ad
592 2664 783 2695 Ecclesiam
810 2666 1050 2697 Parochialem
1085 2667 1203 2697 Sancti
1236 2667 1405 2707 Nythani,
1431 2667 1523 2697 dicte
1549 2666 1756 2696 Exoniensis

254 2707 420 2745 Diocesis‚
438 2718 500 2748 per
517 2712 665 2739 mortem
693 2709 832 2740 Domini
850 2710 1025 2748 willelmi,
1043 2711 1159 2741 ultimi
1182 2711 1341 2742 Rectoris
1364 2711 1533 2751 ejusdem,
1546 2713 1752 2747 vacantem3

252 2751 297 2782 ad
313 2761 416 2791 quam
441 2762 503 2792 per
523 2753 712 2783 Dominum
734 2753 946 2785 Willelmum
968 2755 1044 2785 Fitz
1068 2755 1222 2793 Wauter,
1239 2765 1360 2785 verum
1384 2755 1494 2794 ipsius
1517 2754 1671 2785 Ecclesie
1689 2753 1751 2784 Pa-

252 2797 404 2834 tronum,
422 2796 522 2828 nobis
545 2797 663 2828 extitit
687 2801 911 2837 presentatus
925 2813 932 2836 ;
957 2802 1061 2839 prout
1085 2799 1129 2830 ad
1154 2809 1226 2837 nos,
1245 2799 1460 2830 Visitacione
1485 2802 1607 2829 nostra
1624 2798 1751 2829 Metro-

254 2867 263 2886 1
289 2869 389 2909 naid„
407 2870 468 2901 fol.
488 2872 560 2902 110.
