1907 3212
137 411 168 436 A.
175 411 210 437 D.

136 444 207 471 1387.

138 477 198 504 Vol.
221 478 242 504 1.

138 2304 184 2331 sol.
200 2304 274 2331 176b.

444 320 735 355 REGISTRUM
771 317 1236 354 COMMUNE—ANNO
1275 307 1368 352 18⁰.
1581 307 1675 350 645

293 416 426 457 aliquas
450 418 645 456 decimales,
667 429 737 449 non
760 420 880 448 tamen
904 418 1059 457 signatas
1080 427 1143 457 pro
1165 416 1318 455 decimis,
1342 415 1379 446 in
1400 415 1472 447 suis
1498 415 1602 446 terris
1626 415 1674 446 di·

294 461 451 499 mittunt,
479 465 514 492 et
541 462 577 492 in
605 463 796 493 servientes
828 463 981 492 virorum
1014 461 1336 492 Ecclesiasticorum
1367 460 1503 499 garbas,
1529 462 1591 490 aut
1619 469 1674 490 res

292 504 389 544 alias,
413 516 476 545 pro
500 506 642 537 decimis
671 507 719 537 sic
744 506 914 544 dimissas,
939 506 1078 536 nomine
1107 505 1238 536 decime
1263 505 1476 535 abducentes
1499 507 1534 534 et
1557 514 1673 543 aspor-

290 550 466 587 tantes,ut
479 550 515 580 in
532 552 717 581 sceleratos
735 551 940 587 exclamant,
957 560 1082 589 eosque
1099 549 1245 580 arestari
1262 559 1323 579 seu
1335 548 1522 579 attachiari
1538 548 1674 578 faciunt

290 592 380 623 sicut
397 593 503 632 fures,
517 604 557 624 ac
570 595 662 634 ipsos
679 598 712 625 et
730 605 849 625 eorum
867 594 1024 624 dominos
1040 596 1183 633 propter
1198 593 1475 633 asportacionem
1493 594 1528 622 et
1545 592 1672 622 abduc-

291 636 424 667 cionem
449 638 662 669 decimarum
688 639 887 678 hujusmodi
919 637 1088 668 infestant
1120 640 1155 667 ct
1186 637 1427 676 multipliciter
1455 636 1672 676 inquietant;

291 684 352 711 aut
369 682 436 721 qui,
454 692 516 721 pro
534 692 573 712 co
590 682 681 722 quod
705 683 893 721 garbarum
918 684 952 712 et
976 682 1048 712 feni
1073 692 1133 711 seu
1158 692 1273 711 rerum
1298 681 1445 710 aliarum
1463 680 1596 710 decime
1612 690 1674 719 per

292 725 403 755 solum
436 726 612 756 ducuntur
643 737 773 762 corum,
806 727 897 756 viros
930 725 1191 756 Ecclesiasticos
1215 728 1249 755 et
1276 735 1396 755 eorum
1428 725 1606 755 ministros
1637 725 1673 754 in

291 768 367 799 foro
385 770 531 800 seculari
549 771 766 809 iinlssacitant
785 773 819 800 et
836 770 1001 809 gravibus
1018 769 1170 808 fatigant
1187 769 1364 799 laboribus
1381 771 1415 798 et
1432 769 1601 807 expensis,
1615 768 1673 808 qui

291 813 365 843 vias
383 817 417 843 et
435 814 559 844 itinera
578 815 612 843 in
630 815 748 853 predia
769 817 804 844 et
828 824 847 844 a
872 814 1000 853 prediis
1024 824 1086 853 per
1109 823 1174 853 que
1199 813 1351 843 decimas
1368 815 1504 851 oportet
1523 822 1582 842 seu
1600 812 1672 851 ipse

292 861 547 888 consueverunt
564 858 687 888 abduci
706 858 867 895 difficilia,
885 860 920 888 et
936 868 997 897 per
1021 858 1142 896 longos
1159 857 1324 887 circuitus
1346 859 1480 887 remota
1496 856 1671 895 exhibent,

291 904 325 931 et
342 911 404 940 per
425 912 465 932 ea
486 905 624 932 tantum
650 903 801 932 decimas
826 902 993 932 ducentes
1015 901 1134 932 sinunt
1156 902 1304 931 transire
1328 910 1389 931 seu
1410 900 1489 931 duci
1513 900 1672 931 vehicula

292 945 487 983 difficulter,
513 951 633 976 contra
659 946 938 976 Ecclesiasticam
964 946 1198 983 Libertate1n3
1226 955 1371 982 necnon,
1389 945 1446 984 qui
1466 945 1593 984 garbas
1616 954 1670 974 ex-

291 989 422 1028 positas
447 992 483 1020 et
511 990 665 1027 signatas
691 1000 752 1029 pro
781 990 915 1020 decima
942 1000 1012 1020 non
1038 989 1249 1029 permittunt
1274 999 1295 1019 a
1316 989 1387 1019 suis
1413 989 1515 1019 terris
1535 988 1670 1025 abduci,

290 1034 455 1072 quamdiu
467 1034 502 1063 in
514 1034 580 1063 illis
591 1034 774 1073 quicquam
784 1034 826 1064 de
837 1034 948 1064 bladis
960 1039 1117 1063 remanet
1131 1033 1342 1071 eorumdem,
1353 1034 1405 1063 set
1418 1033 1511 1072 ipsas
1522 1032 1672 1063 scienter

290 1077 442 1107 tolerant
467 1088 487 1107 a
519 1078 590 1108 suis
617 1083 651 1108 et
671 1078 817 1108 aliorum
849 1078 1058 1108 animalibus
1089 1077 1221 1107 conteri
1253 1080 1288 1107 et
1319 1077 1486 1115 consumi,
1512 1086 1552 1107 ac
1580 1077 1672 1107 circa

291 1121 504 1151 decimarum
528 1122 791 1161 prestacionem,
810 1122 1062 1159 colleccionem,
1087 1124 1121 1151 et
1145 1121 1394 1151 abduccionem
1420 1130 1539 1151 earum
1564 1120 1669 1160 impe-

291 1165 445 1195 dimenta
484 1166 690 1195 multimoda
731 1166 898 1203 inferunt,
931 1168 965 1196 et
996 1165 1119 1195 inferri
1150 1165 1286 1195 faciunt
1319 1175 1359 1196 ac
1396 1167 1595 1204 procurant,
1635 1165 1671 1195 in

291 1209 509 1239 Libertatum
541 1212 575 1240 et
607 1210 745 1240 Jurium
775 1210 1096 1240 Ecclesiasticorum
1121 1209 1347 1239 violacionem
1380 1214 1415 1239 et
1438 1209 1670 1248 prejudicium

291 1253 528 1291 manifestum,
568 1264 607 1284 ac
646 1254 768 1283 illicita
807 1254 1007 1293 supradicta
1045 1256 1106 1283 aut
1136 1264 1255 1283 eorum
1287 1253 1426 1293 aliquod
1464 1253 1539 1283 fieri
1574 1262 1670 1282 man-

291 1297 414 1327 dantes
446 1307 506 1327 seu
532 1298 641 1327 eciam
668 1301 904 1337 procurantes,
932 1298 1115 1328 nomineve
1144 1307 1205 1328 suo
1231 1297 1335 1335 facta,
1360 1299 1438 1327 rata
1465 1299 1500 1327 et
1528 1299 1671 1336 accepta

291 1341 470 1379 habentes,
499 1352 634 1371 necnon
665 1342 856 1380 temporale
888 1342 1079 1371 dominium
1111 1341 1318 1379 obtinentes,
1344 1341 1401 1380 qui
1427 1341 1498 1371 suis
1523 1341 1672 1372 subditis

290 1395 333 1414 ne
365 1395 385 1414 a
417 1385 564 1415 Prelatis
595 1392 656 1415 aut
681 1386 813 1416 clericis
838 1396 899 1416 seu
922 1385 1079 1424 personis
1108 1385 1360 1416 Ecclesiasticis
1391 1385 1521 1424 aliquid
1552 1386 1672 1415 emant

289 1428 449 1459 inhibent
477 1432 511 1459 et
543 1430 766 1467 interdicunt,
799 1430 869 1459 sint
898 1429 1082 1460 Sentencia
1114 1429 1495 1459 Excommunicacionis
1518 1428 1671 1469 Majoris,

290 1473 325 1502 in
353 1472 466 1503 Sacris
491 1473 690 1503 Canonibus
717 1476 752 1503 et
782 1473 989 1503 Sanctorum
1014 1474 1159 1503 Patrum
1193 1473 1511 1503 Constitucionibus
1540 1473 1575 1502 in
1606 1473 1672 1503 hac

289 1520 388 1556 parte
417 1517 482 1547 rite
510 1517 621 1555 editis,
642 1518 784 1556 provide
812 1518 902 1555 latis,
926 1517 1196 1557 dampnabiliter
1222 1517 1391 1554 involuti,
1426 1517 1593 1554 nonnulli,
1620 1519 1670 1546 ta-

290 1571 380 1597 men,
405 1561 599 1601 iniquitatis
621 1562 681 1591 filii
701 1565 736 1592 et
758 1562 966 1601 perdicionis
991 1562 1158 1601 alumpni,
1182 1561 1272 1591 dicte
1299 1561 1561 1591 Cantuariensis
1589 1561 1670 1591 Pro-

289 1605 401 1635 vincie
433 1608 467 1635 et
498 1606 609 1635 nostri
642 1607 775 1636 notorie
808 1606 948 1644 subditi,
979 1605 1149 1636 habentes
1179 1605 1370 1644 temporale
1402 1605 1604 1644 dominium,
1636 1606 1672 1635 et

290 1649 347 1678 alii
365 1649 565 1680 tenentibus
581 1654 617 1680 et
634 1650 782 1680 subditis
799 1650 880 1687 suis,
897 1660 938 1680 ao
960 1650 1046 1687 aliis,
1064 1660 1107 1679 ne
1130 1649 1262 1689 aliquas
1285 1650 1436 1679 decimas
1459 1659 1519 1679 seu
1541 1649 1671 1688 aliquid

289 1693 383 1722 aliud
403 1694 447 1723 ad
471 1694 563 1733 ipsos
588 1694 807 1733 Prepositum
824 1699 859 1724 et
884 1694 1083 1733 Capitulum
1108 1694 1247 1724 nomine
1271 1693 1504 1723 Ecclesiarum
1529 1703 1671 1723 suarum

289 1737 338 1766 eis
379 1737 551 1768 Canonice
589 1738 891 1777 appropriatarum
929 1738 1146 1777 pertinentes
1185 1747 1246 1768 seu
1282 1737 1471 1776 pertinens,
1505 1737 1549 1767 ab
1587 1737 1671 1776 ipsis

292 1780 471 1819 Preposito
483 1784 517 1811 et
535 1782 696 1820 Capitulo
712 1782 908 1821 aliqualiter
924 1784 1043 1812 emant
1054 1781 1268 1811 interdicunt
1279 1791 1449 1820 expresse,
1463 1791 1503 1812 ac
1516 1784 1672 1812 ementes

291 1824 443 1855 decimas
468 1825 667 1865 hujusmodi
692 1825 864 1864 indictari,
887 1826 1062 1864 arrestari,
1079 1832 1114 1855 et
1138 1825 1324 1855 attachiari
1348 1825 1493 1863 faciunt,
1518 1825 1672 1865 aliasque

291 1868 462 1898 infestant
479 1873 513 1899 et
532 1870 771 1908 multipliciter
787 1869 1002 1909 inquietant3
1025 1880 1169 1907 necnon,
1187 1869 1278 1900 circa
1300 1869 1513 1899 decimarum
1531 1879 1672 1899 suarum

291 1913 544 1951 prestacionem
558 1923 597 1943 ac
609 1914 860 1951 colleccionem,
875 1916 909 1943 et
921 1914 1169 1944 abduccionem
1182 1923 1313 1951 earum,
1325 1913 1479 1952 ipsorum
1492 1913 1672 1944 servienti·

292 1956 356 1986 bus
373 1960 407 1986 et
424 1957 510 1994 aliis,
528 1957 571 1986 ad
588 1957 787 1997 hujusmodi
805 1957 1017 1987 decimarum
1035 1957 1277 1988 colleccionem
1294 1959 1328 1987 et
1346 1957 1594 1988 abduc-cionem
1611 1967 1674 1996 per

292 2001 383 2039 ipsos
400 2001 585 2039 deputatis,
603 2001 853 2040 impedimenta
877 2001 1083 2031 multimoda
1108 2001 1275 2039 inferunt,
1293 2004 1328 2031 et
1345 2001 1469 2031 inferri
1486 2001 1621 2031 faciunt
1638 2004 1673 2031 et

292 2051 490 2083 procurant,
508 2054 548 2075 ac
564 2045 600 2074 in
617 2045 794 2084 premissis
811 2045 957 2084 singulis
973 2045 1107 2075 notorie
1129 2046 1311 2083 excedunt,
1329 2045 1518 2085 illicitaque
1535 2045 1673 2085 prefata

292 2088 367 2118 fieri
384 2089 553 2118 mandant
565 2089 675 2119 eciam
693 2091 727 2119 et
744 2092 942 2128 procurant,
960 2090 1142 2119 nomineve
1160 2099 1221 2119 suo
1234 2088 1329 2119 facta
1347 2092 1424 2119 rata
1441 2089 1571 2119 habent
1584 2089 1673 2129 pari-

293 2135 348 2162 ter
359 2139 393 2162 et
407 2136 550 2172 accepta
563 2146 570 2170 ;
584 2133 713 2163 dictam
726 2133 868 2172 Majoris
880 2133 1261 2163 Excommunicacionis
1275 2133 1495 2163 Sentenciam
1507 2133 1673 2173 dampna-

293 2176 411 2206 biliter
423 2176 641 2211 incurrendo,
655 2180 720 2207 etc.
734 2191 740 2214 ;
758 2187 862 2216 super
877 2177 1002 2217 quibus
1013 2177 1117 2207 iidem
1133 2177 1333 2216 Prepositus
1350 2180 1386 2207 et
1403 2177 1603 2216 Capitulum
1616 2187 1673 2217 pe-

293 2220 425 2250 tierunt
442 2230 504 2259 per
519 2230 582 2251 nos
599 2221 640 2251 de
658 2224 828 2260 oportuno
844 2221 997 2251 remedio
1010 2221 1194 2261 provideri.
1226 2221 1402 2259 Nolentes,
1414 2221 1532 2260 igitur,
1544 2221 1674 2252 eisdem

293 2264 328 2293 in
341 2274 401 2294 sua
411 2264 530 2294 deesse
540 2265 690 2304 justicia,
703 2265 804 2295 sicuti
818 2275 881 2295 nec
895 2265 1070 2303 debemus,
1080 2265 1186 2304 vobis,
1201 2268 1276 2303 etc„
1288 2265 1496 2296 mandamus
1510 2266 1674 2305 quatinus

292 2318 412 2338 omncs
429 2312 463 2338 ct
481 2309 635 2347 singulos
651 2309 686 2338 in
704 2309 881 2348 premissis
897 2309 950 2339 vel
968 2319 1086 2339 eorum
1107 2310 1222 2349 aliquo
1242 2309 1458 2347 excedentes,
1476 2319 1536 2340 seu
1553 2310 1673 2348 eciam,

294 2355 332 2381 ut
344 2352 568 2391 premittitur,
587 2353 835 2392 delinquentes,
853 2353 888 2383 in
906 2353 1051 2392 singulis
1063 2353 1226 2384 Ecclesiis
1237 2354 1408 2383 dictorum
1423 2353 1673 2391 Decanatuum,

293 2396 385 2426 inter
411 2397 596 2426 Missarum
628 2397 829 2436 solempnia,
860 2400 936 2434 etc.‚
966 2397 1014 2428 sic
1045 2397 1362 2428 excommunicatos
1394 2397 1501 2428 fuisse
1533 2400 1568 2428 et
1600 2408 1674 2428 esse

293 2440 725 2514 giblssoelftssommpniter
741 2441 924 2480 nuncietis,
941 2443 1006 2472 etc.
1028 2439 1081 2482 (in
1106 2442 1158 2472 the
1182 2452 1331 2472 common
1341 2439 1622 2482 sorm).—Datcd
1639 2444 1676 2472 at

316 2506 317 2509 η
336 2494 376 2524 ys
392 2505 404 2523 η,
506 2487 574 2524 ept.

247 2559 712 2610 Letters-Dimissory‚—

250 2615 341 2645 John
360 2615 529 2653 Dordcne,
547 2616 702 2654 accolito,
721 2615 737 2628 ‘⁴
752 2617 796 2646 ad
813 2626 933 2647 omnes
951 2616 1073 2647 Sacros
1091 2617 1238 2647 Ordines
1250 2615 1268 2628 ”
1289 2616 1415 2657 (Clyst,
1434 2617 1474 2647 12
1493 2615 1617 2657 Scpt.).

250 2689 424 2740 Glasney
444 2705 450 2735 ;
481 2690 640 2727 Licence
661 2697 696 2727 lo
716 2691 960 2736 celebrate,—

254 2745 355 2783 Item,
373 2746 512 2783 ibidem,
532 2745 636 2785 xiiijto
649 2746 704 2776 die
717 2746 846 2777 mensis
865 2746 1088 2786 Septembris,
1107 2747 1277 2778 Dominus
1293 2747 1463 2778 concessit
1481 2747 1677 2778 Liccnciam

298 2790 446 2819 Domino
465 2790 637 2820 Willclmo
655 2790 814 2830 Cullyng,
834 2790 1008 2821 Canonico
1026 2791 1178 2821 Ecclesie
1194 2791 1383 2829 Collegiate
1401 2791 1520 2822 Sancti
1538 2792 1678 2830 Thomn,

299 2833 464 2871 Martiris‚
484 2834 667 2874 Glasncye,
685 2835 775 2873 quod
792 2835 902 2874 possit
925 2835 1100 2865 celebrare
1126 2835 1251 2865 Divina
1276 2836 1310 2865 in
1337 2835 1488 2875 Capella,
1507 2836 1578 2866 sive
1597 2837 1679 2866 Ora—

301 2878 400 2916 torio,
419 2878 511 2908 infra
528 2879 683 2908 clausum
702 2888 801 2908 suuni
820 2879 911 2909 dicte
929 2879 1082 2909 Ecclesie
1096 2893 1104 2916 ;
1129 2880 1304 2918 quamdiu,
1321 2886 1387 2911 etc.
