<?xml version="1.0" encoding="UTF-8"?>
<!DOCTYPE html PUBLIC "-//W3C//DTD XHTML 1.0 Transitional//EN"
    "http://www.w3.org/TR/xhtml1/DTD/xhtml1-transitional.dtd">
<html xmlns="http://www.w3.org/1999/xhtml" xml:lang="en" lang="en">
 <head>
  <title>
</title>
<meta http-equiv="Content-Type" content="text/html;charset=utf-8" />
  <meta name='ocr-system' content='tesseract 3.04.00' />
  <meta name='ocr-capabilities' content='ocr_page ocr_carea ocr_par ocr_line ocrx_word'/>
</head>
<body>
  <div class='ocr_page' id='page_1' title='image "./registerofthomas02cathuoft_0184.png"; bbox 0 0 1907 3212; ppageno 0'>
   <div class='ocr_carea' id='block_1_1' title="bbox 173 287 1507 334">
    <p class='ocr_par' dir='ltr' id='par_1_1' title="bbox 173 287 1507 334">
     <span class='ocr_line' id='line_1_1' title="bbox 173 287 1507 334; baseline 0.001 -3"><span class='ocrx_word' id='word_1_1' title='bbox 173 287 266 332; x_wconf 81' lang='grc'><strong>704</strong></span> <span class='ocrx_word' id='word_1_2' title='bbox 381 299 481 332; x_wconf 87' lang='grc' dir='ltr'>ΤΗΕ</span> <span class='ocrx_word' id='word_1_3' title='bbox 518 299 760 332; x_wconf 77' lang='lat' dir='ltr'><strong>REGISTER</strong></span> <span class='ocrx_word' id='word_1_4' title='bbox 795 299 855 332; x_wconf 81' lang='lat' dir='ltr'>OF</span> <span class='ocrx_word' id='word_1_5' title='bbox 889 299 1071 332; x_wconf 87' lang='lat' dir='ltr'>BISHOP</span> <span class='ocrx_word' id='word_1_6' title='bbox 1105 298 1507 334; x_wconf 85' lang='lat' dir='ltr'><strong>BRANTYNGHAM.</strong></span> 
     </span>
    </p>
   </div>
   <div class='ocr_carea' id='block_1_2' title="bbox 174 400 1712 929">
    <p class='ocr_par' dir='ltr' id='par_1_2' title="bbox 174 400 1712 443">
     <span class='ocr_line' id='line_1_2' title="bbox 174 400 1712 443; baseline 0.001 -11"><span class='ocrx_word' id='word_1_7' title='bbox 174 400 249 425; x_wconf 83' lang='lat' dir='ltr'>A.D.</span> <span class='ocrx_word' id='word_1_8' title='bbox 332 400 436 433; x_wconf 71' lang='grc' dir='ltr'>111808Ὶ</span> <span class='ocrx_word' id='word_1_9' title='bbox 464 403 593 433; x_wconf 80' lang='lat' dir='ltr'>ibidem</span> <span class='ocrx_word' id='word_1_10' title='bbox 618 402 818 440; x_wconf 78' lang='lat' dir='ltr'>existentes,</span> <span class='ocrx_word' id='word_1_11' title='bbox 844 404 1011 442; x_wconf 86' lang='lat' dir='ltr'>ceperunt</span> <span class='ocrx_word' id='word_1_12' title='bbox 1035 404 1072 434; x_wconf 87' lang='lat' dir='ltr'>et</span> <span class='ocrx_word' id='word_1_13' title='bbox 1091 403 1321 443; x_wconf 87' lang='lat' dir='ltr'>abstulerunt,</span> <span class='ocrx_word' id='word_1_14' title='bbox 1343 403 1429 435; x_wconf 86' lang='lat' dir='ltr'>Jura</span> <span class='ocrx_word' id='word_1_15' title='bbox 1452 405 1488 435; x_wconf 87' lang='lat' dir='ltr'>et</span> <span class='ocrx_word' id='word_1_16' title='bbox 1515 403 1712 434; x_wconf 85' lang='lat' dir='ltr'>Libertates</span> 
     </span>
    </p>

    <p class='ocr_par' dir='ltr' id='par_1_3' title="bbox 174 446 1712 929">
     <span class='ocr_line' id='line_1_3' title="bbox 174 446 1712 491; baseline 0.002 -16"><span class='ocrx_word' id='word_1_17' title='bbox 174 454 279 491; x_wconf 59' lang='lat' dir='ltr'>Vol’l.</span> <span class='ocrx_word' id='word_1_18' title='bbox 332 446 595 477; x_wconf 81' lang='lat' dir='ltr'>Ecclesiasticas</span> <span class='ocrx_word' id='word_1_19' title='bbox 626 446 870 486; x_wconf 85' lang='lat' dir='ltr'>multipliciter</span> <span class='ocrx_word' id='word_1_20' title='bbox 899 449 1031 477; x_wconf 84' lang='lat' dir='ltr'>temere</span> <span class='ocrx_word' id='word_1_21' title='bbox 1062 447 1235 485; x_wconf 77' lang='lat' dir='ltr'>violando,</span> <span class='ocrx_word' id='word_1_22' title='bbox 1267 457 1308 478; x_wconf 90' lang='lat' dir='ltr'>ac</span> <span class='ocrx_word' id='word_1_23' title='bbox 1341 448 1535 487; x_wconf 75' lang='lat' dir='ltr'>predictam</span> <span class='ocrx_word' id='word_1_24' title='bbox 1568 447 1712 488; x_wconf 83' lang='lat' dir='ltr'>Majoris</span> 
     </span>
     <span class='ocr_line' id='line_1_4' title="bbox 331 491 1710 531; baseline 0.001 -11"><span class='ocrx_word' id='word_1_25' title='bbox 331 491 713 521; x_wconf 84' lang='lat' dir='ltr'>Excommunicacionis</span> <span class='ocrx_word' id='word_1_26' title='bbox 738 491 960 522; x_wconf 87' lang='lat' dir='ltr'>Sentenciam</span> <span class='ocrx_word' id='word_1_27' title='bbox 985 492 1256 531; x_wconf 68' lang='lat' dir='ltr'>dampnabiliter</span> <span class='ocrx_word' id='word_1_28' title='bbox 1279 492 1499 530; x_wconf 87' lang='lat' dir='ltr'>incurrendo,</span> <span class='ocrx_word' id='word_1_29' title='bbox 1516 492 1552 522; x_wconf 91' lang='lat' dir='ltr'>in</span> <span class='ocrx_word' id='word_1_30' title='bbox 1569 501 1710 522; x_wconf 86' lang='lat' dir='ltr'>suarum</span> 
     </span>
     <span class='ocr_line' id='line_1_5' title="bbox 328 535 1708 577; baseline 0.001 -13"><span class='ocrx_word' id='word_1_31' title='bbox 328 535 525 564; x_wconf 88' lang='lat' dir='ltr'>animarum</span> <span class='ocrx_word' id='word_1_32' title='bbox 549 535 681 574; x_wconf 80' lang='lat' dir='ltr'>grande</span> <span class='ocrx_word' id='word_1_33' title='bbox 705 535 908 574; x_wconf 85' lang='lat' dir='ltr'>periculum,</span> <span class='ocrx_word' id='word_1_34' title='bbox 926 537 991 566; x_wconf 87' lang='lat' dir='ltr'>etc.</span> <span class='ocrx_word' id='word_1_35' title='bbox 1039 536 1218 575; x_wconf 85' lang='lat' dir='ltr'>Nolentes,</span> <span class='ocrx_word' id='word_1_36' title='bbox 1241 535 1360 575; x_wconf 87' lang='lat' dir='ltr'>igitur,</span> <span class='ocrx_word' id='word_1_37' title='bbox 1385 536 1586 577; x_wconf 86' lang='lat' dir='ltr'>hujusmodi</span> <span class='ocrx_word' id='word_1_38' title='bbox 1603 536 1708 566; x_wconf 89' lang='lat' dir='ltr'>male-</span> 
     </span>
     <span class='ocr_line' id='line_1_6' title="bbox 328 579 1709 619; baseline 0.001 -11"><span class='ocrx_word' id='word_1_39' title='bbox 328 579 501 609; x_wconf 76' lang='lat' dir='ltr'>factorum</span> <span class='ocrx_word' id='word_1_40' title='bbox 534 579 666 609; x_wconf 82' lang='lat' dir='ltr'>scelera</span> <span class='ocrx_word' id='word_1_41' title='bbox 697 579 875 610; x_wconf 80' lang='lat' dir='ltr'>dimittere</span> <span class='ocrx_word' id='word_1_42' title='bbox 907 580 1092 619; x_wconf 87' lang='lat' dir='ltr'>impunita,</span> <span class='ocrx_word' id='word_1_43' title='bbox 1126 583 1178 610; x_wconf 88' lang='lat' dir='ltr'>set</span> <span class='ocrx_word' id='word_1_44' title='bbox 1209 580 1406 611; x_wconf 87' lang='lat' dir='ltr'>animarum</span> <span class='ocrx_word' id='word_1_45' title='bbox 1435 590 1576 611; x_wconf 85' lang='lat' dir='ltr'>suarum</span> <span class='ocrx_word' id='word_1_46' title='bbox 1604 580 1709 610; x_wconf 84' lang='lat' dir='ltr'>saluti</span> 
     </span>
     <span class='ocr_line' id='line_1_7' title="bbox 328 624 1709 663; baseline 0.001 -11"><span class='ocrx_word' id='word_1_47' title='bbox 328 633 540 661; x_wconf 77' lang='lat' dir='ltr'>succurrere,</span> <span class='ocrx_word' id='word_1_48' title='bbox 565 625 604 653; x_wconf 92' lang='lat' dir='ltr'>ut</span> <span class='ocrx_word' id='word_1_49' title='bbox 627 626 807 661; x_wconf 85' lang='lat' dir='ltr'>tenemur;</span> <span class='ocrx_word' id='word_1_50' title='bbox 832 624 941 661; x_wconf 87' lang='lat' dir='ltr'>vobis,</span> <span class='ocrx_word' id='word_1_51' title='bbox 966 624 1200 654; x_wconf 85' lang='lat' dir='ltr'>communiter</span> <span class='ocrx_word' id='word_1_52' title='bbox 1223 626 1258 654; x_wconf 87' lang='lat' dir='ltr'>et</span> <span class='ocrx_word' id='word_1_53' title='bbox 1282 625 1430 663; x_wconf 84' lang='lat' dir='ltr'>divisim,</span> <span class='ocrx_word' id='word_1_54' title='bbox 1455 624 1709 655; x_wconf 79' lang='lat' dir='ltr'>committimus</span> 
     </span>
     <span class='ocr_line' id='line_1_8' title="bbox 327 667 1708 709; baseline 0.001 -13"><span class='ocrx_word' id='word_1_55' title='bbox 327 669 361 697; x_wconf 88' lang='lat' dir='ltr'>et</span> <span class='ocrx_word' id='word_1_56' title='bbox 379 667 686 705; x_wconf 76' lang='lat' dir='ltr'>inan(la1nuS‚etc.,</span> <span class='ocrx_word' id='word_1_57' title='bbox 704 668 869 707; x_wconf 73' lang='lat' dir='ltr'>quatinus</span> <span class='ocrx_word' id='word_1_58' title='bbox 886 678 1006 699; x_wconf 89' lang='lat' dir='ltr'>omnes</span> <span class='ocrx_word' id='word_1_59' title='bbox 1023 670 1058 698; x_wconf 88' lang='lat' dir='ltr'>et</span> <span class='ocrx_word' id='word_1_60' title='bbox 1075 668 1229 707; x_wconf 85' lang='lat' dir='ltr'>singulos</span> <span class='ocrx_word' id='word_1_61' title='bbox 1245 669 1447 709; x_wconf 84' lang='lat' dir='ltr'>hujusmodi</span> <span class='ocrx_word' id='word_1_62' title='bbox 1464 668 1708 698; x_wconf 81' lang='lat' dir='ltr'>malefactores</span> 
     </span>
     <span class='ocr_line' id='line_1_9' title="bbox 327 711 1711 752; baseline 0.001 -11"><span class='ocrx_word' id='word_1_63' title='bbox 327 714 363 741; x_wconf 88' lang='lat' dir='ltr'>et</span> <span class='ocrx_word' id='word_1_64' title='bbox 397 711 639 751; x_wconf 84' lang='lat' dir='ltr'>delinquentes</span> <span class='ocrx_word' id='word_1_65' title='bbox 670 712 929 751; x_wconf 73' lang='lat' dir='ltr'>quomodolibet</span> <span class='ocrx_word' id='word_1_66' title='bbox 960 713 995 742; x_wconf 94' lang='lat' dir='ltr'>in</span> <span class='ocrx_word' id='word_1_67' title='bbox 1021 713 1210 752; x_wconf 85' lang='lat' dir='ltr'>premissis,</span> <span class='ocrx_word' id='word_1_68' title='bbox 1238 722 1278 743; x_wconf 89' lang='lat' dir='ltr'>ac</span> <span class='ocrx_word' id='word_1_69' title='bbox 1309 713 1402 752; x_wconf 87' lang='lat' dir='ltr'>ipsis,</span> <span class='ocrx_word' id='word_1_70' title='bbox 1435 713 1478 742; x_wconf 88' lang='lat' dir='ltr'>ad</span> <span class='ocrx_word' id='word_1_71' title='bbox 1510 713 1711 752; x_wconf 84' lang='lat' dir='ltr'>hujusmodi</span> 
     </span>
     <span class='ocr_line' id='line_1_10' title="bbox 328 755 1709 795; baseline 0 -10"><span class='ocrx_word' id='word_1_72' title='bbox 328 755 484 785; x_wconf 80' lang='lat' dir='ltr'>facinora</span> <span class='ocrx_word' id='word_1_73' title='bbox 500 756 745 795; x_wconf 83' lang='lat' dir='ltr'>perpetranda,</span> <span class='ocrx_word' id='word_1_74' title='bbox 762 766 873 795; x_wconf 87' lang='lat' dir='ltr'>opem,</span> <span class='ocrx_word' id='word_1_75' title='bbox 899 757 1092 795; x_wconf 89' lang='lat' dir='ltr'>consilium,</span> <span class='ocrx_word' id='word_1_76' title='bbox 1110 759 1145 787; x_wconf 89' lang='lat' dir='ltr'>et</span> <span class='ocrx_word' id='word_1_77' title='bbox 1169 756 1336 787; x_wconf 84' lang='lat' dir='ltr'>auxilium</span> <span class='ocrx_word' id='word_1_78' title='bbox 1361 757 1557 793; x_wconf 86' lang='lat' dir='ltr'>afferentes,</span> <span class='ocrx_word' id='word_1_79' title='bbox 1575 766 1709 786; x_wconf 82' lang='lat' dir='ltr'>necnon</span> 
     </span>
     <span class='ocr_line' id='line_1_11' title="bbox 329 800 1709 839; baseline 0.001 -10"><span class='ocrx_word' id='word_1_80' title='bbox 329 809 369 830; x_wconf 81' lang='lat' dir='ltr'>ea</span> <span class='ocrx_word' id='word_1_81' title='bbox 386 800 434 830; x_wconf 88' lang='lat' dir='ltr'>sic</span> <span class='ocrx_word' id='word_1_82' title='bbox 452 800 526 829; x_wconf 89' lang='lat' dir='ltr'>fieri</span> <span class='ocrx_word' id='word_1_83' title='bbox 551 800 759 830; x_wconf 71' lang='lat' dir='ltr'>mandantes</span> <span class='ocrx_word' id='word_1_84' title='bbox 784 802 817 830; x_wconf 87' lang='lat' dir='ltr'>et</span> <span class='ocrx_word' id='word_1_85' title='bbox 842 803 920 830; x_wconf 86' lang='lat' dir='ltr'>rata</span> <span class='ocrx_word' id='word_1_86' title='bbox 943 801 1123 839; x_wconf 75' lang='lat' dir='ltr'>habentes,</span> <span class='ocrx_word' id='word_1_87' title='bbox 1142 801 1190 831; x_wconf 91' lang='lat' dir='ltr'>sic</span> <span class='ocrx_word' id='word_1_88' title='bbox 1206 800 1315 831; x_wconf 85' lang='lat' dir='ltr'>fuisse</span> <span class='ocrx_word' id='word_1_89' title='bbox 1332 803 1366 831; x_wconf 89' lang='lat' dir='ltr'>et</span> <span class='ocrx_word' id='word_1_90' title='bbox 1384 811 1458 831; x_wconf 87' lang='lat' dir='ltr'>esse</span> <span class='ocrx_word' id='word_1_91' title='bbox 1476 801 1709 831; x_wconf 80' lang='lat' dir='ltr'>excommuni-</span> 
     </span>
     <span class='ocr_line' id='line_1_12' title="bbox 328 844 1709 884; baseline 0 -10"><span class='ocrx_word' id='word_1_92' title='bbox 328 846 425 874; x_wconf 86' lang='lat' dir='ltr'>catos</span> <span class='ocrx_word' id='word_1_93' title='bbox 457 844 493 874; x_wconf 90' lang='lat' dir='ltr'>in</span> <span class='ocrx_word' id='word_1_94' title='bbox 524 854 650 883; x_wconf 73' lang='lat' dir='ltr'>genere</span> <span class='ocrx_word' id='word_1_95' title='bbox 682 844 820 884; x_wconf 88' lang='lat' dir='ltr'>publice</span> <span class='ocrx_word' id='word_1_96' title='bbox 851 845 1036 883; x_wconf 88' lang='lat' dir='ltr'>nuncietis,</span> <span class='ocrx_word' id='word_1_97' title='bbox 1064 848 1099 875; x_wconf 88' lang='lat' dir='ltr'>et</span> <span class='ocrx_word' id='word_1_98' title='bbox 1134 845 1277 876; x_wconf 86' lang='lat' dir='ltr'>nunciet</span> <span class='ocrx_word' id='word_1_99' title='bbox 1302 845 1448 884; x_wconf 85' lang='lat' dir='ltr'>quilibet</span> <span class='ocrx_word' id='word_1_100' title='bbox 1475 848 1641 879; x_wconf 79' lang='lat' dir='ltr'>vestrum,</span> <span class='ocrx_word' id='word_1_101' title='bbox 1674 845 1709 874; x_wconf 90' lang='lat' dir='ltr'>in</span> 
     </span>
     <span class='ocr_line' id='line_1_13' title="bbox 330 888 1361 929; baseline 0.002 -11"><span class='ocrx_word' id='word_1_102' title='bbox 330 888 494 918; x_wconf 86' lang='lat' dir='ltr'>Ecclesiis</span> <span class='ocrx_word' id='word_1_103' title='bbox 519 888 716 927; x_wconf 78' lang='lat' dir='ltr'>antedictis,</span> <span class='ocrx_word' id='word_1_104' title='bbox 734 889 961 920; x_wconf 88' lang='lat' dir='ltr'>etc.—-Dated</span> <span class='ocrx_word' id='word_1_105' title='bbox 987 891 1022 919; x_wconf 90' lang='lat' dir='ltr'>at</span> <span class='ocrx_word' id='word_1_106' title='bbox 1041 889 1217 928; x_wconf 85' lang='lat' dir='ltr'>Crediton,</span> <span class='ocrx_word' id='word_1_107' title='bbox 1235 890 1254 919; x_wconf 88' lang='grc'><strong>3</strong></span> <span class='ocrx_word' id='word_1_108' title='bbox 1272 889 1361 929; x_wconf 84' lang='lat' dir='ltr'>Aug.</span> 
     </span>
    </p>
   </div>
   <div class='ocr_carea' id='block_1_3' title="bbox 282 941 1395 992">
    <p class='ocr_par' dir='ltr' id='par_1_4' title="bbox 282 941 1395 992">
     <span class='ocr_line' id='line_1_14' title="bbox 282 941 1395 992; baseline 0.002 -14"><span class='ocrx_word' id='word_1_109' title='bbox 282 942 337 978; x_wconf 71' lang='lat' dir='ltr'>St.</span> <span class='ocrx_word' id='word_1_110' title='bbox 363 941 765 992; x_wconf 81' lang='lat' dir='ltr'>Ruan-Lanyhorne3</span> <span class='ocrx_word' id='word_1_111' title='bbox 794 943 857 979; x_wconf 86' lang='lat' dir='ltr'>Sir</span> <span class='ocrx_word' id='word_1_112' title='bbox 876 942 982 979; x_wconf 81' lang='lat' dir='ltr'>John</span> <span class='ocrx_word' id='word_1_113' title='bbox 1008 942 1255 989; x_wconf 84' lang='lat' dir='ltr'>ssradewelle,</span> <span class='ocrx_word' id='word_1_114' title='bbox 1278 943 1395 988; x_wconf 82' lang='lat' dir='ltr'>R.,—-</span> 
     </span>
    </p>
   </div>
   <div class='ocr_carea' id='block_1_4' title="bbox 285 996 1387 1038">
    <p class='ocr_par' dir='ltr' id='par_1_5' title="bbox 285 996 1387 1038">
     <span class='ocr_line' id='line_1_15' title="bbox 285 996 1387 1038; baseline 0.002 -11"><span class='ocrx_word' id='word_1_115' title='bbox 285 997 429 1027; x_wconf 87' lang='lat' dir='ltr'>Licence</span> <span class='ocrx_word' id='word_1_116' title='bbox 447 997 484 1027; x_wconf 81' lang='lat' dir='ltr'>of</span> <span class='ocrx_word' id='word_1_117' title='bbox 499 998 764 1028; x_wconf 85' lang='lat' dir='ltr'>non-residence</span> <span class='ocrx_word' id='word_1_118' title='bbox 781 998 833 1028; x_wconf 86' lang='lat' dir='ltr'>till</span> <span class='ocrx_word' id='word_1_119' title='bbox 851 999 894 1028; x_wconf 82' lang='lat'>24</span> <span class='ocrx_word' id='word_1_120' title='bbox 910 998 1000 1028; x_wconf 84' lang='lat' dir='ltr'>June</span> <span class='ocrx_word' id='word_1_121' title='bbox 1020 996 1213 1038; x_wconf 85' lang='lat' dir='ltr'>(Crediton,</span> <span class='ocrx_word' id='word_1_122' title='bbox 1231 999 1251 1029; x_wconf 87' lang='lat'>8</span> <span class='ocrx_word' id='word_1_123' title='bbox 1267 996 1387 1038; x_wconf 59' lang='lat' dir='ltr'>Aug).</span> 
     </span>
    </p>
   </div>
   <div class='ocr_carea' id='block_1_5' title="bbox 283 1051 994 1101">
    <p class='ocr_par' dir='ltr' id='par_1_6' title="bbox 283 1051 994 1101">
     <span class='ocr_line' id='line_1_16' title="bbox 283 1051 994 1101; baseline 0.003 -14"><span class='ocrx_word' id='word_1_124' title='bbox 283 1051 432 1088; x_wconf 83' lang='lat' dir='ltr'>Exeter</span> <span class='ocrx_word' id='word_1_125' title='bbox 449 1064 459 1098; x_wconf 78' lang='lat'>3</span> <span class='ocrx_word' id='word_1_126' title='bbox 481 1052 536 1088; x_wconf 84' lang='lat' dir='ltr'>St.</span> <span class='ocrx_word' id='word_1_127' title='bbox 560 1051 762 1088; x_wconf 86' lang='lat' dir='ltr'>Nicholas&#39;</span> <span class='ocrx_word' id='word_1_128' title='bbox 784 1051 994 1101; x_wconf 77' lang='lat' dir='ltr'>Priory‚——</span> 
     </span>
    </p>
   </div>
   <div class='ocr_carea' id='block_1_6' title="bbox 172 1106 1731 2826">
    <p class='ocr_par' dir='ltr' id='par_1_7' title="bbox 172 1106 1731 2826">
     <span class='ocr_line' id='line_1_17' title="bbox 284 1106 1711 1145; baseline 0.001 -10"><span class='ocrx_word' id='word_1_129' title='bbox 284 1106 445 1145; x_wconf 83' lang='lat' dir='ltr'>Thomas,</span> <span class='ocrx_word' id='word_1_130' title='bbox 462 1109 538 1144; x_wconf 72' lang='lat' dir='ltr'>etc,</span> <span class='ocrx_word' id='word_1_131' title='bbox 558 1107 696 1137; x_wconf 87' lang='lat' dir='ltr'>Decano</span> <span class='ocrx_word' id='word_1_132' title='bbox 714 1107 991 1138; x_wconf 76' lang='lat' dir='ltr'>Christianitatis</span> <span class='ocrx_word' id='word_1_133' title='bbox 1008 1110 1126 1138; x_wconf 88' lang='lat' dir='ltr'>nostre</span> <span class='ocrx_word' id='word_1_134' title='bbox 1145 1107 1306 1138; x_wconf 81' lang='lat' dir='ltr'>Civitatis</span> <span class='ocrx_word' id='word_1_135' title='bbox 1325 1107 1548 1143; x_wconf 81' lang='lat' dir='ltr'>Exoniensis;</span> <span class='ocrx_word' id='word_1_136' title='bbox 1566 1117 1711 1144; x_wconf 85' lang='lat' dir='ltr'>necnon,</span> 
     </span>
     <span class='ocr_line' id='line_1_18' title="bbox 172 1148 1709 1192; baseline 0.001 -12"><span class='ocrx_word' id='word_1_137' title='bbox 172 1148 218 1174; x_wconf 81' lang='lat' dir='ltr'>fol.</span> <span class='ocrx_word' id='word_1_138' title='bbox 231 1148 307 1174; x_wconf 74' lang='lat'>2101).</span> <span class='ocrx_word' id='word_1_139' title='bbox 330 1151 468 1181; x_wconf 85' lang='lat' dir='ltr'>Rectori</span> <span class='ocrx_word' id='word_1_140' title='bbox 495 1151 655 1182; x_wconf 81' lang='lat' dir='ltr'>Ecclesie&#39;</span> <span class='ocrx_word' id='word_1_141' title='bbox 676 1151 889 1182; x_wconf 86' lang='lat' dir='ltr'>Parochialis</span> <span class='ocrx_word' id='word_1_142' title='bbox 919 1151 1045 1182; x_wconf 78' lang='lat' dir='ltr'>Sancte</span> <span class='ocrx_word' id='word_1_143' title='bbox 1071 1151 1179 1182; x_wconf 85' lang='lat' dir='ltr'>Marie</span> <span class='ocrx_word' id='word_1_144' title='bbox 1197 1152 1239 1182; x_wconf 87' lang='lat' dir='ltr'>de</span> <span class='ocrx_word' id='word_1_145' title='bbox 1256 1152 1426 1189; x_wconf 86' lang='lat' dir='ltr'>Arcubus,</span> <span class='ocrx_word' id='word_1_146' title='bbox 1444 1152 1601 1192; x_wconf 85' lang='lat' dir='ltr'>ejusdem</span> <span class='ocrx_word' id='word_1_147' title='bbox 1621 1151 1709 1181; x_wconf 82' lang='lat' dir='ltr'>Civi-</span> 
     </span>
     <span class='ocr_line' id='line_1_19' title="bbox 327 1195 1709 1236; baseline 0.001 -12"><span class='ocrx_word' id='word_1_148' title='bbox 327 1195 421 1233; x_wconf 83' lang='lat' dir='ltr'>tatis,</span> <span class='ocrx_word' id='word_1_149' title='bbox 440 1195 598 1233; x_wconf 84' lang='lat' dir='ltr'>salutem,</span> <span class='ocrx_word' id='word_1_150' title='bbox 616 1195 818 1226; x_wconf 89' lang='lat' dir='ltr'>etc.—Cum</span> <span class='ocrx_word' id='word_1_151' title='bbox 835 1206 897 1226; x_wconf 89' lang='lat' dir='ltr'>nos</span> <span class='ocrx_word' id='word_1_152' title='bbox 910 1206 1021 1236; x_wconf 90' lang='lat' dir='ltr'>nuper</span> <span class='ocrx_word' id='word_1_153' title='bbox 1033 1196 1284 1226; x_wconf 87' lang='lat' dir='ltr'>Monasterinm</span> <span class='ocrx_word' id='word_1_154' title='bbox 1296 1196 1368 1226; x_wconf 89' lang='lat' dir='ltr'>sive</span> <span class='ocrx_word' id='word_1_155' title='bbox 1379 1195 1577 1226; x_wconf 85' lang='lat' dir='ltr'>Prioratum</span> <span class='ocrx_word' id='word_1_156' title='bbox 1592 1195 1709 1226; x_wconf 79' lang='lat' dir='ltr'>Sancti</span> 
     </span>
     <span class='ocr_line' id='line_1_20' title="bbox 328 1239 1710 1280; baseline 0 -11"><span class='ocrx_word' id='word_1_157' title='bbox 328 1239 498 1276; x_wconf 85' lang='lat' dir='ltr'>Nicholai,</span> <span class='ocrx_word' id='word_1_158' title='bbox 517 1240 657 1270; x_wconf 90' lang='lat' dir='ltr'>Ordinis</span> <span class='ocrx_word' id='word_1_159' title='bbox 676 1239 794 1270; x_wconf 80' lang='lat' dir='ltr'>Sancti</span> <span class='ocrx_word' id='word_1_160' title='bbox 812 1240 1003 1277; x_wconf 82' lang='lat' dir='ltr'>Benedicti,</span> <span class='ocrx_word' id='word_1_161' title='bbox 1028 1240 1164 1280; x_wconf 84' lang='lat' dir='ltr'>prefate</span> <span class='ocrx_word' id='word_1_162' title='bbox 1182 1242 1299 1271; x_wconf 86' lang='lat' dir='ltr'>nostre</span> <span class='ocrx_word' id='word_1_163' title='bbox 1317 1240 1478 1271; x_wconf 86' lang='lat' dir='ltr'>Civitatis</span> <span class='ocrx_word' id='word_1_164' title='bbox 1496 1240 1710 1277; x_wconf 78' lang='lat' dir='ltr'>Exoniensis,</span> 
     </span>
     <span class='ocr_line' id='line_1_21' title="bbox 330 1284 1712 1324; baseline 0.001 -11"><span class='ocrx_word' id='word_1_165' title='bbox 330 1294 370 1313; x_wconf 80' lang='lat' dir='ltr'>ex</span> <span class='ocrx_word' id='word_1_166' title='bbox 389 1284 499 1314; x_wconf 80' lang='lat' dir='ltr'>Officii</span> <span class='ocrx_word' id='word_1_167' title='bbox 517 1284 628 1314; x_wconf 86' lang='lat' dir='ltr'>nostri</span> <span class='ocrx_word' id='word_1_168' title='bbox 646 1284 763 1314; x_wconf 86' lang='lat' dir='ltr'>debito</span> <span class='ocrx_word' id='word_1_169' title='bbox 779 1284 974 1322; x_wconf 79' lang='lat' dir='ltr'>visitantes,</span> <span class='ocrx_word' id='word_1_170' title='bbox 992 1284 1239 1322; x_wconf 78' lang='lat' dir='ltr'>invenerimus,</span> <span class='ocrx_word' id='word_1_171' title='bbox 1256 1285 1349 1314; x_wconf 89' lang='lat' dir='ltr'>inter</span> <span class='ocrx_word' id='word_1_172' title='bbox 1365 1286 1482 1315; x_wconf 83' lang='lat' dir='ltr'>cetera</span> <span class='ocrx_word' id='word_1_173' title='bbox 1499 1295 1564 1324; x_wconf 86' lang='lat' dir='ltr'>que</span> <span class='ocrx_word' id='word_1_174' title='bbox 1582 1294 1712 1314; x_wconf 87' lang='lat' dir='ltr'>correc-</span> 
     </span>
     <span class='ocr_line' id='line_1_22' title="bbox 328 1327 1711 1368; baseline 0.001 -11"><span class='ocrx_word' id='word_1_175' title='bbox 328 1328 425 1358; x_wconf 90' lang='lat' dir='ltr'>cione</span> <span class='ocrx_word' id='word_1_176' title='bbox 454 1331 489 1358; x_wconf 88' lang='lat' dir='ltr'>et</span> <span class='ocrx_word' id='word_1_177' title='bbox 516 1327 769 1358; x_wconf 81' lang='lat' dir='ltr'>reformacione</span> <span class='ocrx_word' id='word_1_178' title='bbox 798 1329 995 1359; x_wconf 84' lang='lat' dir='ltr'>necessaria</span> <span class='ocrx_word' id='word_1_179' title='bbox 1024 1329 1240 1367; x_wconf 71' lang='lat' dir='ltr'>indigebant,</span> <span class='ocrx_word' id='word_1_180' title='bbox 1267 1329 1358 1368; x_wconf 91' lang='lat' dir='ltr'>quod</span> <span class='ocrx_word' id='word_1_181' title='bbox 1384 1329 1506 1359; x_wconf 83' lang='lat' dir='ltr'>Frater</span> <span class='ocrx_word' id='word_1_182' title='bbox 1524 1328 1711 1365; x_wconf 88' lang='lat' dir='ltr'>Gilbertus,</span> 
     </span>
     <span class='ocr_line' id='line_1_23' title="bbox 328 1372 1712 1413; baseline 0.001 -11"><span class='ocrx_word' id='word_1_183' title='bbox 328 1372 486 1412; x_wconf 83' lang='lat' dir='ltr'>ejusdem</span> <span class='ocrx_word' id='word_1_184' title='bbox 515 1373 717 1403; x_wconf 86' lang='lat' dir='ltr'>Monasterii</span> <span class='ocrx_word' id='word_1_185' title='bbox 746 1373 854 1411; x_wconf 85' lang='lat' dir='ltr'>Prior,</span> <span class='ocrx_word' id='word_1_186' title='bbox 880 1375 915 1403; x_wconf 85' lang='lat' dir='ltr'>et</span> <span class='ocrx_word' id='word_1_187' title='bbox 940 1373 1081 1413; x_wconf 87' lang='lat' dir='ltr'>quidam</span> <span class='ocrx_word' id='word_1_188' title='bbox 1100 1374 1223 1403; x_wconf 83' lang='lat' dir='ltr'>Frater</span> <span class='ocrx_word' id='word_1_189' title='bbox 1237 1373 1416 1403; x_wconf 80' lang='lat' dir='ltr'>Johannes</span> <span class='ocrx_word' id='word_1_190' title='bbox 1434 1373 1619 1412; x_wconf 73' lang='lat' dir='ltr'>Bosgrove‚</span> <span class='ocrx_word' id='word_1_191' title='bbox 1637 1383 1712 1413; x_wconf 88' lang='lat' dir='ltr'>pre-</span> 
     </span>
     <span class='ocr_line' id='line_1_24' title="bbox 328 1416 1711 1457; baseline 0 -11"><span class='ocrx_word' id='word_1_192' title='bbox 328 1416 395 1446; x_wconf 81' lang='lat' dir='ltr'>fati</span> <span class='ocrx_word' id='word_1_193' title='bbox 413 1417 592 1447; x_wconf 86' lang='lat' dir='ltr'>Prioratus</span> <span class='ocrx_word' id='word_1_194' title='bbox 615 1417 806 1447; x_wconf 86' lang='lat' dir='ltr'>Monachus</span> <span class='ocrx_word' id='word_1_195' title='bbox 828 1420 863 1447; x_wconf 89' lang='lat' dir='ltr'>et</span> <span class='ocrx_word' id='word_1_196' title='bbox 887 1417 1081 1455; x_wconf 85' lang='lat' dir='ltr'>Confrater,</span> <span class='ocrx_word' id='word_1_197' title='bbox 1105 1418 1327 1457; x_wconf 78' lang='lat' dir='ltr'>quamplures</span> <span class='ocrx_word' id='word_1_198' title='bbox 1351 1427 1455 1448; x_wconf 87' lang='lat' dir='ltr'>canes</span> <span class='ocrx_word' id='word_1_199' title='bbox 1483 1417 1660 1447; x_wconf 86' lang='lat' dir='ltr'>venaticos</span> <span class='ocrx_word' id='word_1_200' title='bbox 1676 1417 1711 1446; x_wconf 92' lang='lat' dir='ltr'>in</span> 
     </span>
     <span class='ocr_line' id='line_1_25' title="bbox 330 1461 1712 1500; baseline 0.001 -10"><span class='ocrx_word' id='word_1_201' title='bbox 330 1461 542 1491; x_wconf 79' lang='lat' dir='ltr'>Monasterio</span> <span class='ocrx_word' id='word_1_202' title='bbox 566 1461 732 1500; x_wconf 86' lang='lat' dir='ltr'>predicto,</span> <span class='ocrx_word' id='word_1_203' title='bbox 750 1471 812 1500; x_wconf 88' lang='lat' dir='ltr'>per</span> <span class='ocrx_word' id='word_1_204' title='bbox 836 1471 871 1491; x_wconf 84' lang='lat' dir='ltr'>se</span> <span class='ocrx_word' id='word_1_205' title='bbox 896 1464 931 1491; x_wconf 91' lang='lat' dir='ltr'>et</span> <span class='ocrx_word' id='word_1_206' title='bbox 955 1461 1050 1498; x_wconf 80' lang='lat' dir='ltr'>alios,</span> <span class='ocrx_word' id='word_1_207' title='bbox 1076 1462 1210 1492; x_wconf 89' lang='lat' dir='ltr'>diucius</span> <span class='ocrx_word' id='word_1_208' title='bbox 1235 1464 1434 1499; x_wconf 86' lang='lat' dir='ltr'>tenuerunt,</span> <span class='ocrx_word' id='word_1_209' title='bbox 1458 1471 1519 1491; x_wconf 92' lang='lat' dir='ltr'>seu</span> <span class='ocrx_word' id='word_1_210' title='bbox 1543 1461 1667 1491; x_wconf 86' lang='lat' dir='ltr'>saltem</span> <span class='ocrx_word' id='word_1_211' title='bbox 1692 1471 1712 1491; x_wconf 88' lang='lat' dir='ltr'>a</span> 
     </span>
     <span class='ocr_line' id='line_1_26' title="bbox 328 1505 1711 1543; baseline 0.001 -9"><span class='ocrx_word' id='word_1_212' title='bbox 328 1505 562 1535; x_wconf 79' lang='lat' dir='ltr'>familiaribus</span> <span class='ocrx_word' id='word_1_213' title='bbox 588 1515 665 1535; x_wconf 87' lang='lat' dir='ltr'>cum</span> <span class='ocrx_word' id='word_1_214' title='bbox 696 1505 826 1535; x_wconf 89' lang='lat' dir='ltr'>eisdem</span> <span class='ocrx_word' id='word_1_215' title='bbox 853 1506 1081 1543; x_wconf 84' lang='lat' dir='ltr'>morantibus,</span> <span class='ocrx_word' id='word_1_216' title='bbox 1107 1505 1201 1535; x_wconf 81' lang='lat' dir='ltr'>infra</span> <span class='ocrx_word' id='word_1_217' title='bbox 1228 1505 1360 1535; x_wconf 85' lang='lat' dir='ltr'>dictum</span> <span class='ocrx_word' id='word_1_218' title='bbox 1394 1505 1645 1535; x_wconf 88' lang='lat' dir='ltr'>Monasterium</span> <span class='ocrx_word' id='word_1_219' title='bbox 1677 1511 1711 1535; x_wconf 88' lang='lat' dir='ltr'>et</span> 
     </span>
     <span class='ocr_line' id='line_1_27' title="bbox 329 1549 1712 1589; baseline 0 -10"><span class='ocrx_word' id='word_1_220' title='bbox 329 1549 449 1580; x_wconf 87' lang='lat' dir='ltr'>domos</span> <span class='ocrx_word' id='word_1_221' title='bbox 466 1559 551 1589; x_wconf 87' lang='lat' dir='ltr'>quas</span> <span class='ocrx_word' id='word_1_222' title='bbox 567 1549 777 1586; x_wconf 80' lang='lat' dir='ltr'>inhabitant,</span> <span class='ocrx_word' id='word_1_223' title='bbox 795 1559 835 1580; x_wconf 90' lang='lat' dir='ltr'>ac</span> <span class='ocrx_word' id='word_1_224' title='bbox 852 1559 971 1580; x_wconf 87' lang='lat' dir='ltr'>eorum</span> <span class='ocrx_word' id='word_1_225' title='bbox 985 1550 1173 1587; x_wconf 81' lang='lat' dir='ltr'>clausuras,</span> <span class='ocrx_word' id='word_1_226' title='bbox 1191 1550 1302 1580; x_wconf 86' lang='lat' dir='ltr'>teneri</span> <span class='ocrx_word' id='word_1_227' title='bbox 1320 1552 1450 1579; x_wconf 84' lang='lat' dir='ltr'>temere</span> <span class='ocrx_word' id='word_1_228' title='bbox 1467 1550 1712 1589; x_wconf 82' lang='lat' dir='ltr'>permiserunt,</span> 
     </span>
     <span class='ocr_line' id='line_1_28' title="bbox 330 1593 1711 1633; baseline 0 -10"><span class='ocrx_word' id='word_1_229' title='bbox 330 1594 364 1623; x_wconf 89' lang='lat' dir='ltr'>in</span> <span class='ocrx_word' id='word_1_230' title='bbox 381 1603 464 1623; x_wconf 86' lang='lat' dir='ltr'>casu</span> <span class='ocrx_word' id='word_1_231' title='bbox 481 1604 501 1623; x_wconf 83' lang='lat' dir='ltr'>a</span> <span class='ocrx_word' id='word_1_232' title='bbox 517 1593 594 1633; x_wconf 85' lang='lat' dir='ltr'>jure</span> <span class='ocrx_word' id='word_1_233' title='bbox 610 1604 679 1623; x_wconf 89' lang='lat' dir='ltr'>non</span> <span class='ocrx_word' id='word_1_234' title='bbox 696 1594 885 1633; x_wconf 81' lang='lat' dir='ltr'>permisso3</span> <span class='ocrx_word' id='word_1_235' title='bbox 911 1603 951 1623; x_wconf 89' lang='lat' dir='ltr'>ac</span> <span class='ocrx_word' id='word_1_236' title='bbox 979 1594 1142 1633; x_wconf 89' lang='lat' dir='ltr'>precipue</span> <span class='ocrx_word' id='word_1_237' title='bbox 1168 1594 1260 1624; x_wconf 87' lang='lat' dir='ltr'>idem</span> <span class='ocrx_word' id='word_1_238' title='bbox 1279 1594 1401 1624; x_wconf 80' lang='lat' dir='ltr'>Frater</span> <span class='ocrx_word' id='word_1_239' title='bbox 1416 1594 1593 1624; x_wconf 86' lang='lat' dir='ltr'>Johannes</span> <span class='ocrx_word' id='word_1_240' title='bbox 1610 1604 1711 1623; x_wconf 82' lang='lat' dir='ltr'>vena-</span> 
     </span>
     <span class='ocr_line' id='line_1_29' title="bbox 330 1637 1712 1677; baseline 0.001 -10"><span class='ocrx_word' id='word_1_241' title='bbox 330 1638 486 1667; x_wconf 88' lang='lat' dir='ltr'>cionibus</span> <span class='ocrx_word' id='word_1_242' title='bbox 503 1637 704 1677; x_wconf 80' lang='lat' dir='ltr'>hujusmodi</span> <span class='ocrx_word' id='word_1_243' title='bbox 721 1647 821 1668; x_wconf 84' lang='lat' dir='ltr'>suam</span> <span class='ocrx_word' id='word_1_244' title='bbox 844 1638 1061 1677; x_wconf 82' lang='lat' dir='ltr'>presenciam</span> <span class='ocrx_word' id='word_1_245' title='bbox 1086 1638 1243 1668; x_wconf 85' lang='lat' dir='ltr'>exhibuit</span> <span class='ocrx_word' id='word_1_246' title='bbox 1267 1638 1492 1677; x_wconf 77' lang='lat' dir='ltr'>corporalem,</span> <span class='ocrx_word' id='word_1_247' title='bbox 1510 1640 1632 1668; x_wconf 83' lang='lat' dir='ltr'>contra</span> <span class='ocrx_word' id='word_1_248' title='bbox 1649 1638 1712 1668; x_wconf 83' lang='lat' dir='ltr'>Ca-</span> 
     </span>
     <span class='ocr_line' id='line_1_30' title="bbox 330 1681 1715 1721; baseline 0.001 -10"><span class='ocrx_word' id='word_1_249' title='bbox 330 1682 473 1712; x_wconf 86' lang='lat' dir='ltr'>nonicas</span> <span class='ocrx_word' id='word_1_250' title='bbox 492 1681 699 1712; x_wconf 84' lang='lat' dir='ltr'>Sancciones</span> <span class='ocrx_word' id='word_1_251' title='bbox 716 1684 751 1712; x_wconf 87' lang='lat' dir='ltr'>et</span> <span class='ocrx_word' id='word_1_252' title='bbox 771 1682 977 1712; x_wconf 81' lang='lat' dir='ltr'>Sanctorum</span> <span class='ocrx_word' id='word_1_253' title='bbox 995 1682 1139 1712; x_wconf 80' lang='lat' dir='ltr'>Patrum</span> <span class='ocrx_word' id='word_1_254' title='bbox 1158 1683 1316 1719; x_wconf 80' lang='lat' dir='ltr'>Decreta,</span> <span class='ocrx_word' id='word_1_255' title='bbox 1341 1683 1377 1712; x_wconf 89' lang='lat' dir='ltr'>in</span> <span class='ocrx_word' id='word_1_256' title='bbox 1396 1682 1499 1712; x_wconf 84' lang='lat' dir='ltr'>Sacre</span> <span class='ocrx_word' id='word_1_257' title='bbox 1525 1682 1715 1721; x_wconf 83' lang='lat' dir='ltr'>Religionis</span> 
     </span>
     <span class='ocr_line' id='line_1_31' title="bbox 332 1726 1714 1766; baseline 0.001 -11"><span class='ocrx_word' id='word_1_258' title='bbox 332 1726 599 1756; x_wconf 85' lang='lat' dir='ltr'>dissolucionem</span> <span class='ocrx_word' id='word_1_259' title='bbox 616 1727 793 1766; x_wconf 86' lang='lat' dir='ltr'>ipsiusque</span> <span class='ocrx_word' id='word_1_260' title='bbox 812 1727 1014 1757; x_wconf 84' lang='lat' dir='ltr'>Monasterii</span> <span class='ocrx_word' id='word_1_261' title='bbox 1031 1736 1071 1756; x_wconf 83' lang='lat' dir='ltr'>ac</span> <span class='ocrx_word' id='word_1_262' title='bbox 1089 1727 1251 1756; x_wconf 81' lang='lat' dir='ltr'>Fratrum</span> <span class='ocrx_word' id='word_1_263' title='bbox 1270 1727 1356 1756; x_wconf 84' lang='lat' dir='ltr'>inibi</span> <span class='ocrx_word' id='word_1_264' title='bbox 1374 1728 1446 1757; x_wconf 88' lang='lat' dir='ltr'>Deo</span> <span class='ocrx_word' id='word_1_265' title='bbox 1463 1726 1714 1757; x_wconf 78' lang='lat' dir='ltr'>famulanciuni</span> 
     </span>
     <span class='ocr_line' id='line_1_32' title="bbox 331 1770 1716 1810; baseline 0 -10"><span class='ocrx_word' id='word_1_266' title='bbox 331 1770 562 1810; x_wconf 85' lang='lat' dir='ltr'>prejudicium</span> <span class='ocrx_word' id='word_1_267' title='bbox 590 1770 828 1809; x_wconf 83' lang='lat' dir='ltr'>manifestum,</span> <span class='ocrx_word' id='word_1_268' title='bbox 855 1771 1074 1809; x_wconf 75' lang='lat' dir='ltr'>evagacionis</span> <span class='ocrx_word' id='word_1_269' title='bbox 1101 1771 1286 1801; x_wconf 83' lang='lat' dir='ltr'>materiam</span> <span class='ocrx_word' id='word_1_270' title='bbox 1306 1771 1341 1800; x_wconf 91' lang='lat' dir='ltr'>iu</span> <span class='ocrx_word' id='word_1_271' title='bbox 1359 1770 1423 1801; x_wconf 89' lang='lat' dir='ltr'>hac</span> <span class='ocrx_word' id='word_1_272' title='bbox 1440 1773 1539 1810; x_wconf 86' lang='lat' dir='ltr'>parte</span> <span class='ocrx_word' id='word_1_273' title='bbox 1555 1771 1716 1810; x_wconf 88' lang='lat' dir='ltr'>nequiter</span> 
     </span>
     <span class='ocr_line' id='line_1_33' title="bbox 331 1815 1714 1854; baseline 0 -10"><span class='ocrx_word' id='word_1_274' title='bbox 331 1815 549 1853; x_wconf 58' lang='lat' dir='ltr'>generandm</span> <span class='ocrx_word' id='word_1_275' title='bbox 567 1825 639 1853; x_wconf 85' lang='lat' dir='ltr'>nos,</span> <span class='ocrx_word' id='word_1_276' title='bbox 657 1815 775 1853; x_wconf 80' lang='lat' dir='ltr'>igitur,</span> <span class='ocrx_word' id='word_1_277' title='bbox 792 1815 959 1852; x_wconf 79' lang='lat' dir='ltr'>volentes,</span> <span class='ocrx_word' id='word_1_278' title='bbox 976 1815 1078 1845; x_wconf 87' lang='lat' dir='ltr'>modo</span> <span class='ocrx_word' id='word_1_279' title='bbox 1102 1825 1169 1854; x_wconf 87' lang='lat' dir='ltr'>quo</span> <span class='ocrx_word' id='word_1_280' title='bbox 1185 1815 1372 1854; x_wconf 84' lang='lat' dir='ltr'>potuimus,</span> <span class='ocrx_word' id='word_1_281' title='bbox 1390 1817 1511 1845; x_wconf 85' lang='lat' dir='ltr'>contra</span> <span class='ocrx_word' id='word_1_282' title='bbox 1528 1815 1714 1854; x_wconf 86' lang='lat' dir='ltr'>premissos</span> 
     </span>
     <span class='ocr_line' id='line_1_34' title="bbox 333 1858 1714 1900; baseline 0.001 -12"><span class='ocrx_word' id='word_1_283' title='bbox 333 1858 491 1889; x_wconf 87' lang='lat' dir='ltr'>defectus</span> <span class='ocrx_word' id='word_1_284' title='bbox 517 1859 628 1889; x_wconf 87' lang='lat' dir='ltr'>eidem</span> <span class='ocrx_word' id='word_1_285' title='bbox 658 1859 785 1889; x_wconf 91' lang='lat' dir='ltr'>Domui</span> <span class='ocrx_word' id='word_1_286' title='bbox 811 1859 983 1898; x_wconf 76' lang='lat' dir='ltr'>Religiose</span> <span class='ocrx_word' id='word_1_287' title='bbox 1009 1869 1219 1895; x_wconf 82' lang='lat' dir='ltr'>succurrere,</span> <span class='ocrx_word' id='word_1_288' title='bbox 1245 1862 1283 1889; x_wconf 90' lang='lat' dir='ltr'>ut</span> <span class='ocrx_word' id='word_1_289' title='bbox 1300 1862 1461 1890; x_wconf 88' lang='lat' dir='ltr'>tenemur</span> <span class='ocrx_word' id='word_1_290' title='bbox 1477 1859 1518 1889; x_wconf 90' lang='lat' dir='ltr'>de</span> <span class='ocrx_word' id='word_1_291' title='bbox 1535 1859 1622 1900; x_wconf 85' lang='lat' dir='ltr'>jure,</span> <span class='ocrx_word' id='word_1_292' title='bbox 1640 1869 1714 1898; x_wconf 91' lang='lat' dir='ltr'>pre-</span> 
     </span>
     <span class='ocr_line' id='line_1_35' title="bbox 332 1903 1715 1943; baseline 0.001 -11"><span class='ocrx_word' id='word_1_293' title='bbox 332 1903 426 1942; x_wconf 79' lang='lat' dir='ltr'>fatos</span> <span class='ocrx_word' id='word_1_294' title='bbox 444 1903 594 1940; x_wconf 83' lang='lat' dir='ltr'>Fratres,</span> <span class='ocrx_word' id='word_1_295' title='bbox 614 1903 810 1933; x_wconf 86' lang='lat' dir='ltr'>Gilbertum</span> <span class='ocrx_word' id='word_1_296' title='bbox 829 1903 994 1941; x_wconf 84' lang='lat' dir='ltr'>Priorem,</span> <span class='ocrx_word' id='word_1_297' title='bbox 1012 1913 1147 1933; x_wconf 86' lang='lat' dir='ltr'>necnon</span> <span class='ocrx_word' id='word_1_298' title='bbox 1172 1903 1367 1933; x_wconf 67' lang='lat' dir='ltr'>,Iohannem</span> <span class='ocrx_word' id='word_1_299' title='bbox 1387 1903 1571 1943; x_wconf 73' lang='lat' dir='ltr'>Bosgrove,</span> <span class='ocrx_word' id='word_1_300' title='bbox 1598 1904 1715 1934; x_wconf 88' lang='lat' dir='ltr'>Mona-</span> 
     </span>
     <span class='ocr_line' id='line_1_36' title="bbox 333 1947 1716 1987; baseline 0.001 -11"><span class='ocrx_word' id='word_1_301' title='bbox 333 1947 437 1977; x_wconf 74' lang='lat' dir='ltr'>chum</span> <span class='ocrx_word' id='word_1_302' title='bbox 463 1947 691 1984; x_wconf 86' lang='lat' dir='ltr'>antedictum,</span> <span class='ocrx_word' id='word_1_303' title='bbox 716 1947 829 1987; x_wconf 85' lang='lat' dir='ltr'>primo</span> <span class='ocrx_word' id='word_1_304' title='bbox 854 1948 890 1977; x_wconf 90' lang='lat' dir='ltr'>in</span> <span class='ocrx_word' id='word_1_305' title='bbox 916 1958 1065 1987; x_wconf 87' lang='lat' dir='ltr'>persona</span> <span class='ocrx_word' id='word_1_306' title='bbox 1092 1950 1213 1978; x_wconf 85' lang='lat' dir='ltr'>nostra</span> <span class='ocrx_word' id='word_1_307' title='bbox 1238 1948 1387 1987; x_wconf 88' lang='lat' dir='ltr'>propria,</span> <span class='ocrx_word' id='word_1_308' title='bbox 1412 1950 1447 1977; x_wconf 86' lang='lat' dir='ltr'>et</span> <span class='ocrx_word' id='word_1_309' title='bbox 1465 1948 1716 1987; x_wconf 86' lang='lat' dir='ltr'>subsequenter</span> 
     </span>
     <span class='ocr_line' id='line_1_37' title="bbox 332 1991 1714 2032; baseline 0 -11"><span class='ocrx_word' id='word_1_310' title='bbox 332 2001 395 2030; x_wconf 84' lang='lat' dir='ltr'>per</span> <span class='ocrx_word' id='word_1_311' title='bbox 422 1994 536 2021; x_wconf 89' lang='lat' dir='ltr'>certos</span> <span class='ocrx_word' id='word_1_312' title='bbox 562 1992 597 2021; x_wconf 91' lang='lat' dir='ltr'>in</span> <span class='ocrx_word' id='word_1_313' title='bbox 624 1991 689 2022; x_wconf 84' lang='lat' dir='ltr'>hac</span> <span class='ocrx_word' id='word_1_314' title='bbox 714 1994 814 2031; x_wconf 86' lang='lat' dir='ltr'>parte</span> <span class='ocrx_word' id='word_1_315' title='bbox 833 1991 1097 2022; x_wconf 85' lang='lat' dir='ltr'>Commissarios</span> <span class='ocrx_word' id='word_1_316' title='bbox 1122 1992 1336 2022; x_wconf 85' lang='lat' dir='ltr'>inhibuimus</span> <span class='ocrx_word' id='word_1_317' title='bbox 1353 1992 1518 2032; x_wconf 87' lang='lat' dir='ltr'>quatinus</span> <span class='ocrx_word' id='word_1_318' title='bbox 1535 1992 1578 2021; x_wconf 91' lang='lat' dir='ltr'>ab</span> <span class='ocrx_word' id='word_1_319' title='bbox 1596 1991 1714 2032; x_wconf 81' lang='lat' dir='ltr'>hujus-</span> 
     </span>
     <span class='ocr_line' id='line_1_38' title="bbox 334 2035 1731 2075; baseline 0.001 -11"><span class='ocrx_word' id='word_1_320' title='bbox 334 2035 425 2065; x_wconf 90' lang='lat' dir='ltr'>modi</span> <span class='ocrx_word' id='word_1_321' title='bbox 455 2036 654 2065; x_wconf 88' lang='lat' dir='ltr'>insolcnciis</span> <span class='ocrx_word' id='word_1_322' title='bbox 681 2036 752 2066; x_wconf 87' lang='lat' dir='ltr'>suis</span> <span class='ocrx_word' id='word_1_323' title='bbox 777 2036 1005 2074; x_wconf 82' lang='lat' dir='ltr'>abstinerent,</span> <span class='ocrx_word' id='word_1_324' title='bbox 1031 2036 1192 2075; x_wconf 86' lang='lat' dir='ltr'>ipsosque</span> <span class='ocrx_word' id='word_1_325' title='bbox 1215 2036 1336 2075; x_wconf 88' lang='lat' dir='ltr'>primo,</span> <span class='ocrx_word' id='word_1_326' title='bbox 1365 2036 1526 2074; x_wconf 79' lang='lat' dir='ltr'>secundo,</span> <span class='ocrx_word' id='word_1_327' title='bbox 1544 2038 1579 2066; x_wconf 82' lang='lat' dir='ltr'>et</span> <span class='ocrx_word' id='word_1_328' title='bbox 1596 2037 1731 2075; x_wconf 58' lang='lat' dir='ltr'>tercio„</span> 
     </span>
     <span class='ocr_line' id='line_1_39' title="bbox 334 2079 1716 2120; baseline 0.001 -11"><span class='ocrx_word' id='word_1_329' title='bbox 334 2082 410 2117; x_wconf 71' lang='lat' dir='ltr'>etc,</span> <span class='ocrx_word' id='word_1_330' title='bbox 425 2080 634 2118; x_wconf 88' lang='lat' dir='ltr'>monuimus,</span> <span class='ocrx_word' id='word_1_331' title='bbox 646 2082 681 2109; x_wconf 89' lang='lat' dir='ltr'>et</span> <span class='ocrx_word' id='word_1_332' title='bbox 694 2079 827 2110; x_wconf 86' lang='lat' dir='ltr'>moneri</span> <span class='ocrx_word' id='word_1_333' title='bbox 844 2079 1002 2118; x_wconf 82' lang='lat' dir='ltr'>fecimus,</span> <span class='ocrx_word' id='word_1_334' title='bbox 1020 2080 1184 2119; x_wconf 84' lang='lat' dir='ltr'>quatinus</span> <span class='ocrx_word' id='word_1_335' title='bbox 1201 2080 1402 2120; x_wconf 81' lang='lat' dir='ltr'>hujusmodi</span> <span class='ocrx_word' id='word_1_336' title='bbox 1420 2090 1522 2110; x_wconf 77' lang='lat' dir='ltr'>canes</span> <span class='ocrx_word' id='word_1_337' title='bbox 1538 2081 1716 2110; x_wconf 84' lang='lat' dir='ltr'>venaticos</span> 
     </span>
     <span class='ocr_line' id='line_1_40' title="bbox 335 2124 1713 2164; baseline 0.001 -11"><span class='ocrx_word' id='word_1_338' title='bbox 335 2124 378 2153; x_wconf 85' lang='lat' dir='ltr'>ab</span> <span class='ocrx_word' id='word_1_339' title='bbox 395 2124 444 2154; x_wconf 89' lang='lat' dir='ltr'>eis</span> <span class='ocrx_word' id='word_1_340' title='bbox 461 2127 495 2153; x_wconf 89' lang='lat' dir='ltr'>et</span> <span class='ocrx_word' id='word_1_341' title='bbox 513 2134 632 2154; x_wconf 87' lang='lat' dir='ltr'>eorum</span> <span class='ocrx_word' id='word_1_342' title='bbox 660 2124 880 2161; x_wconf 79' lang='lat' dir='ltr'>Mouasterio,</span> <span class='ocrx_word' id='word_1_343' title='bbox 907 2124 999 2154; x_wconf 83' lang='lat' dir='ltr'>infra</span> <span class='ocrx_word' id='word_1_344' title='bbox 1023 2127 1157 2154; x_wconf 89' lang='lat' dir='ltr'>certum</span> <span class='ocrx_word' id='word_1_345' title='bbox 1174 2125 1309 2154; x_wconf 90' lang='lat' dir='ltr'>dierum</span> <span class='ocrx_word' id='word_1_346' title='bbox 1327 2124 1492 2164; x_wconf 85' lang='lat' dir='ltr'>spacium,</span> <span class='ocrx_word' id='word_1_347' title='bbox 1509 2124 1581 2164; x_wconf 83' lang='lat' dir='ltr'>jam</span> <span class='ocrx_word' id='word_1_348' title='bbox 1598 2124 1713 2154; x_wconf 77' lang='lat' dir='ltr'>efflux-</span> 
     </span>
     <span class='ocr_line' id='line_1_41' title="bbox 335 2168 1716 2208; baseline 0.001 -11"><span class='ocrx_word' id='word_1_349' title='bbox 335 2179 404 2205; x_wconf 78' lang='lat' dir='ltr'>um,</span> <span class='ocrx_word' id='word_1_350' title='bbox 430 2169 570 2207; x_wconf 86' lang='lat' dir='ltr'>penitus</span> <span class='ocrx_word' id='word_1_351' title='bbox 589 2168 858 2206; x_wconf 31' lang='lat' dir='ltr'>,ammovissenn</span> <span class='ocrx_word' id='word_1_352' title='bbox 888 2169 952 2199; x_wconf 88' lang='lat' dir='ltr'>sub</span> <span class='ocrx_word' id='word_1_353' title='bbox 976 2179 1066 2208; x_wconf 86' lang='lat' dir='ltr'>pena</span> <span class='ocrx_word' id='word_1_354' title='bbox 1083 2169 1465 2199; x_wconf 81' lang='lat' dir='ltr'>Excommunicacionis</span> <span class='ocrx_word' id='word_1_355' title='bbox 1483 2168 1635 2208; x_wconf 84' lang='lat' dir='ltr'>Majoris,</span> <span class='ocrx_word' id='word_1_356' title='bbox 1650 2171 1716 2199; x_wconf 82' lang='lat' dir='ltr'>etc.</span> 
     </span>
     <span class='ocr_line' id='line_1_42' title="bbox 335 2212 1715 2252; baseline 0.001 -11"><span class='ocrx_word' id='word_1_357' title='bbox 335 2212 476 2250; x_wconf 81' lang='lat' dir='ltr'>Verum,</span> <span class='ocrx_word' id='word_1_358' title='bbox 498 2212 577 2251; x_wconf 87' lang='lat' dir='ltr'>qnia</span> <span class='ocrx_word' id='word_1_359' title='bbox 603 2212 733 2251; x_wconf 79' lang='lat' dir='ltr'>prefati</span> <span class='ocrx_word' id='word_1_360' title='bbox 751 2212 930 2243; x_wconf 86' lang='lat' dir='ltr'>Gilbertus</span> <span class='ocrx_word' id='word_1_361' title='bbox 947 2215 982 2242; x_wconf 75' lang='lat' dir='ltr'>ot</span> <span class='ocrx_word' id='word_1_362' title='bbox 998 2212 1185 2251; x_wconf 84' lang='lat' dir='ltr'>Johannes,</span> <span class='ocrx_word' id='word_1_363' title='bbox 1203 2216 1370 2252; x_wconf 82' lang='lat' dir='ltr'>tanquam</span> <span class='ocrx_word' id='word_1_364' title='bbox 1388 2213 1626 2243; x_wconf 88' lang='lat' dir='ltr'>inobediencie</span> <span class='ocrx_word' id='word_1_365' title='bbox 1644 2213 1715 2249; x_wconf 84' lang='lat' dir='ltr'>filii,</span> 
     </span>
     <span class='ocr_line' id='line_1_43' title="bbox 337 2256 1714 2297; baseline 0 -12"><span class='ocrx_word' id='word_1_366' title='bbox 337 2256 550 2286; x_wconf 86' lang='lat' dir='ltr'>Moniciones</span> <span class='ocrx_word' id='word_1_367' title='bbox 566 2259 704 2286; x_wconf 87' lang='lat' dir='ltr'>nostras</span> <span class='ocrx_word' id='word_1_368' title='bbox 721 2257 905 2296; x_wconf 82' lang='lat' dir='ltr'>predictas,</span> <span class='ocrx_word' id='word_1_369' title='bbox 925 2256 1128 2295; x_wconf 86' lang='lat' dir='ltr'>Canonicas,</span> <span class='ocrx_word' id='word_1_370' title='bbox 1147 2257 1327 2295; x_wconf 84' lang='lat' dir='ltr'>salutares,</span> <span class='ocrx_word' id='word_1_371' title='bbox 1345 2259 1379 2287; x_wconf 89' lang='lat' dir='ltr'>et</span> <span class='ocrx_word' id='word_1_372' title='bbox 1396 2257 1520 2294; x_wconf 85' lang='lat' dir='ltr'>licitas,</span> <span class='ocrx_word' id='word_1_373' title='bbox 1538 2260 1714 2297; x_wconf 86' lang='lat' dir='ltr'>contemp-</span> 
     </span>
     <span class='ocr_line' id='line_1_44' title="bbox 335 2300 1714 2340; baseline 0.001 -11"><span class='ocrx_word' id='word_1_374' title='bbox 335 2303 434 2338; x_wconf 84' lang='lat' dir='ltr'>nunt,</span> <span class='ocrx_word' id='word_1_375' title='bbox 452 2309 556 2330; x_wconf 84' lang='lat' dir='ltr'>canes</span> <span class='ocrx_word' id='word_1_376' title='bbox 568 2301 746 2330; x_wconf 83' lang='lat' dir='ltr'>venaticos</span> <span class='ocrx_word' id='word_1_377' title='bbox 758 2301 1012 2340; x_wconf 86' lang='lat' dir='ltr'>suprascriptos</span> <span class='ocrx_word' id='word_1_378' title='bbox 1028 2300 1122 2331; x_wconf 86' lang='lat' dir='ltr'>infra</span> <span class='ocrx_word' id='word_1_379' title='bbox 1134 2301 1385 2331; x_wconf 86' lang='lat' dir='ltr'>Monasterium</span> <span class='ocrx_word' id='word_1_380' title='bbox 1402 2310 1501 2331; x_wconf 85' lang='lat' dir='ltr'>suum</span> <span class='ocrx_word' id='word_1_381' title='bbox 1519 2301 1714 2340; x_wconf 86' lang='lat' dir='ltr'>predictum</span> 
     </span>
     <span class='ocr_line' id='line_1_45' title="bbox 335 2344 1715 2384; baseline 0 -10"><span class='ocrx_word' id='word_1_382' title='bbox 335 2354 375 2374; x_wconf 79' lang='lat' dir='ltr'>ac</span> <span class='ocrx_word' id='word_1_383' title='bbox 392 2344 512 2374; x_wconf 85' lang='lat' dir='ltr'>domos</span> <span class='ocrx_word' id='word_1_384' title='bbox 529 2353 614 2383; x_wconf 83' lang='lat' dir='ltr'>quas</span> <span class='ocrx_word' id='word_1_385' title='bbox 631 2344 831 2374; x_wconf 87' lang='lat' dir='ltr'>inhabitant</span> <span class='ocrx_word' id='word_1_386' title='bbox 848 2347 883 2375; x_wconf 90' lang='lat' dir='ltr'>et</span> <span class='ocrx_word' id='word_1_387' title='bbox 901 2345 1078 2375; x_wconf 84' lang='lat' dir='ltr'>clausuras</span> <span class='ocrx_word' id='word_1_388' title='bbox 1095 2345 1306 2382; x_wconf 88' lang='lat' dir='ltr'>eorumdem,</span> <span class='ocrx_word' id='word_1_389' title='bbox 1324 2355 1363 2375; x_wconf 88' lang='grc'>30</span> <span class='ocrx_word' id='word_1_390' title='bbox 1381 2345 1491 2375; x_wconf 82' lang='grc'><strong>9013111</strong></span> <span class='ocrx_word' id='word_1_391' title='bbox 1508 2347 1606 2375; x_wconf 80' lang='lat' dir='ltr'>extra</span> <span class='ocrx_word' id='word_1_392' title='bbox 1619 2355 1669 2384; x_wconf 85' lang='lat' dir='ltr'>ea,</span> <span class='ocrx_word' id='word_1_393' title='bbox 1681 2345 1715 2375; x_wconf 90' lang='lat' dir='ltr'>in</span> 
     </span>
     <span class='ocr_line' id='line_1_46' title="bbox 336 2389 1716 2428; baseline 0 -9"><span class='ocrx_word' id='word_1_394' title='bbox 336 2399 419 2419; x_wconf 85' lang='lat' dir='ltr'>casu</span> <span class='ocrx_word' id='word_1_395' title='bbox 443 2399 462 2418; x_wconf 86' lang='lat' dir='ltr'>a</span> <span class='ocrx_word' id='word_1_396' title='bbox 484 2389 561 2428; x_wconf 83' lang='lat' dir='ltr'>jure</span> <span class='ocrx_word' id='word_1_397' title='bbox 584 2398 653 2418; x_wconf 88' lang='lat' dir='ltr'>non</span> <span class='ocrx_word' id='word_1_398' title='bbox 679 2389 859 2428; x_wconf 86' lang='lat' dir='ltr'>permisso,</span> <span class='ocrx_word' id='word_1_399' title='bbox 882 2389 1053 2419; x_wconf 85' lang='lat' dir='ltr'>hactenus</span> <span class='ocrx_word' id='word_1_400' title='bbox 1076 2389 1238 2426; x_wconf 85' lang='lat' dir='ltr'>retinere,</span> <span class='ocrx_word' id='word_1_401' title='bbox 1255 2389 1337 2419; x_wconf 88' lang='lat' dir='ltr'>licet</span> <span class='ocrx_word' id='word_1_402' title='bbox 1356 2389 1520 2427; x_wconf 87' lang='lat' dir='ltr'>indebite,</span> <span class='ocrx_word' id='word_1_403' title='bbox 1538 2399 1716 2428; x_wconf 88' lang='lat' dir='ltr'>presump-</span> 
     </span>
     <span class='ocr_line' id='line_1_47' title="bbox 335 2432 1716 2472; baseline 0.001 -10"><span class='ocrx_word' id='word_1_404' title='bbox 335 2436 467 2470; x_wconf 87' lang='lat' dir='ltr'>serunt,</span> <span class='ocrx_word' id='word_1_405' title='bbox 491 2435 613 2463; x_wconf 88' lang='lat' dir='ltr'>contra</span> <span class='ocrx_word' id='word_1_406' title='bbox 641 2432 861 2472; x_wconf 86' lang='lat' dir='ltr'>disciplinam</span> <span class='ocrx_word' id='word_1_407' title='bbox 886 2433 1118 2463; x_wconf 83' lang='lat' dir='ltr'>Observancie</span> <span class='ocrx_word' id='word_1_408' title='bbox 1142 2433 1334 2472; x_wconf 83' lang='lat' dir='ltr'>Regularis,</span> <span class='ocrx_word' id='word_1_409' title='bbox 1362 2433 1398 2462; x_wconf 91' lang='lat' dir='ltr'>in</span> <span class='ocrx_word' id='word_1_410' title='bbox 1426 2443 1567 2463; x_wconf 87' lang='lat' dir='ltr'>suarum</span> <span class='ocrx_word' id='word_1_411' title='bbox 1584 2434 1716 2472; x_wconf 83' lang='lat' dir='ltr'>grande</span> 
     </span>
     <span class='ocr_line' id='line_1_48' title="bbox 334 2476 1714 2517; baseline 0.002 -12"><span class='ocrx_word' id='word_1_412' title='bbox 334 2476 526 2516; x_wconf 82' lang='lat' dir='ltr'>periculum</span> <span class='ocrx_word' id='word_1_413' title='bbox 544 2477 739 2506; x_wconf 81' lang='lat' dir='ltr'>animarum</span> <span class='ocrx_word' id='word_1_414' title='bbox 757 2480 791 2506; x_wconf 88' lang='lat' dir='ltr'>et</span> <span class='ocrx_word' id='word_1_415' title='bbox 808 2477 955 2507; x_wconf 86' lang='lat' dir='ltr'>aliorum</span> <span class='ocrx_word' id='word_1_416' title='bbox 972 2477 1125 2516; x_wconf 90' lang='lat' dir='ltr'>plurium</span> <span class='ocrx_word' id='word_1_417' title='bbox 1142 2477 1376 2517; x_wconf 88' lang='lat' dir='ltr'>perniciosum</span> <span class='ocrx_word' id='word_1_418' title='bbox 1400 2477 1616 2517; x_wconf 46' lang='lat' dir='ltr'>exemplunm</span> <span class='ocrx_word' id='word_1_419' title='bbox 1634 2487 1714 2517; x_wconf 85' lang='lat' dir='ltr'>quo-</span> 
     </span>
     <span class='ocr_line' id='line_1_49' title="bbox 334 2520 1713 2561; baseline 0.001 -11"><span class='ocrx_word' id='word_1_420' title='bbox 334 2521 425 2551; x_wconf 86' lang='lat' dir='ltr'>circa</span> <span class='ocrx_word' id='word_1_421' title='bbox 452 2520 560 2557; x_wconf 84' lang='lat' dir='ltr'>vobis,</span> <span class='ocrx_word' id='word_1_422' title='bbox 584 2521 817 2551; x_wconf 87' lang='lat' dir='ltr'>communiter</span> <span class='ocrx_word' id='word_1_423' title='bbox 842 2523 877 2551; x_wconf 91' lang='lat' dir='ltr'>et</span> <span class='ocrx_word' id='word_1_424' title='bbox 903 2521 1051 2559; x_wconf 90' lang='lat' dir='ltr'>divisim,</span> <span class='ocrx_word' id='word_1_425' title='bbox 1076 2524 1152 2559; x_wconf 70' lang='grc'><strong>910,</strong></span> <span class='ocrx_word' id='word_1_426' title='bbox 1178 2521 1385 2552; x_wconf 87' lang='lat' dir='ltr'>mandamus</span> <span class='ocrx_word' id='word_1_427' title='bbox 1409 2522 1572 2561; x_wconf 88' lang='lat' dir='ltr'>quatinus</span> <span class='ocrx_word' id='word_1_428' title='bbox 1589 2522 1713 2559; x_wconf 84' lang='lat' dir='ltr'>citetis,</span> 
     </span>
     <span class='ocr_line' id='line_1_50' title="bbox 333 2564 1714 2605; baseline 0.001 -11"><span class='ocrx_word' id='word_1_429' title='bbox 333 2571 409 2602; x_wconf 76' lang='lat' dir='ltr'>etc,</span> <span class='ocrx_word' id='word_1_430' title='bbox 438 2564 593 2604; x_wconf 87' lang='lat' dir='ltr'>prefatos</span> <span class='ocrx_word' id='word_1_431' title='bbox 622 2564 817 2595; x_wconf 87' lang='lat' dir='ltr'>Gilbertum</span> <span class='ocrx_word' id='word_1_432' title='bbox 846 2567 881 2595; x_wconf 91' lang='lat' dir='ltr'>et</span> <span class='ocrx_word' id='word_1_433' title='bbox 904 2565 923 2595; x_wconf 87' lang='lat' dir='ltr'>J</span> <span class='ocrx_word' id='word_1_434' title='bbox 927 2565 1100 2595; x_wconf 88' lang='lat' dir='ltr'>ohannem</span> <span class='ocrx_word' id='word_1_435' title='bbox 1125 2565 1215 2605; x_wconf 89' lang='lat' dir='ltr'>quod</span> <span class='ocrx_word' id='word_1_436' title='bbox 1232 2568 1456 2605; x_wconf 85' lang='lat' dir='ltr'>compareant</span> <span class='ocrx_word' id='word_1_437' title='bbox 1472 2575 1588 2596; x_wconf 88' lang='lat' dir='ltr'>coram</span> <span class='ocrx_word' id='word_1_438' title='bbox 1606 2565 1714 2603; x_wconf 88' lang='lat' dir='ltr'>nobis,</span> 
     </span>
     <span class='ocr_line' id='line_1_51' title="bbox 334 2608 1714 2649; baseline 0.001 -11"><span class='ocrx_word' id='word_1_439' title='bbox 334 2618 394 2639; x_wconf 91' lang='lat' dir='ltr'>seu</span> <span class='ocrx_word' id='word_1_440' title='bbox 411 2609 540 2639; x_wconf 88' lang='lat' dir='ltr'>nostris</span> <span class='ocrx_word' id='word_1_441' title='bbox 557 2609 592 2638; x_wconf 89' lang='lat' dir='ltr'>in</span> <span class='ocrx_word' id='word_1_442' title='bbox 610 2608 675 2639; x_wconf 86' lang='grc'><strong>1130</strong></span> <span class='ocrx_word' id='word_1_443' title='bbox 692 2611 790 2648; x_wconf 89' lang='lat' dir='ltr'>parte</span> <span class='ocrx_word' id='word_1_444' title='bbox 805 2609 1070 2647; x_wconf 86' lang='lat' dir='ltr'>Commissariis,</span> <span class='ocrx_word' id='word_1_445' title='bbox 1088 2619 1157 2640; x_wconf 94' lang='lat' dir='ltr'>uno</span> <span class='ocrx_word' id='word_1_446' title='bbox 1174 2610 1228 2639; x_wconf 91' lang='lat' dir='ltr'>vel</span> <span class='ocrx_word' id='word_1_447' title='bbox 1246 2609 1412 2649; x_wconf 90' lang='lat' dir='ltr'>pluribus,</span> <span class='ocrx_word' id='word_1_448' title='bbox 1430 2609 1714 2649; x_wconf 87' lang='lat' dir='ltr'>quibuscumque,</span> 
     </span>
     <span class='ocr_line' id='line_1_52' title="bbox 334 2652 1715 2693; baseline 0.001 -11"><span class='ocrx_word' id='word_1_449' title='bbox 334 2653 369 2682; x_wconf 91' lang='lat' dir='ltr'>in</span> <span class='ocrx_word' id='word_1_450' title='bbox 399 2653 553 2683; x_wconf 88' lang='lat' dir='ltr'>Ecclesia</span> <span class='ocrx_word' id='word_1_451' title='bbox 578 2655 698 2682; x_wconf 88' lang='lat' dir='ltr'>nostra</span> <span class='ocrx_word' id='word_1_452' title='bbox 724 2652 916 2692; x_wconf 77' lang='lat' dir='ltr'>Collegiata</span> <span class='ocrx_word' id='word_1_453' title='bbox 943 2653 1069 2684; x_wconf 83' lang='lat' dir='ltr'>Sancte</span> <span class='ocrx_word' id='word_1_454' title='bbox 1098 2653 1219 2684; x_wconf 88' lang='lat' dir='ltr'>Crucis</span> <span class='ocrx_word' id='word_1_455' title='bbox 1248 2653 1460 2693; x_wconf 87' lang='lat' dir='ltr'>Cryditonie‚</span> <span class='ocrx_word' id='word_1_456' title='bbox 1489 2654 1544 2683; x_wconf 90' lang='lat' dir='ltr'>die</span> <span class='ocrx_word' id='word_1_457' title='bbox 1574 2653 1715 2684; x_wconf 85' lang='lat' dir='ltr'>Sabbati</span> 
     </span>
     <span class='ocr_line' id='line_1_53' title="bbox 333 2697 1715 2737; baseline 0.001 -11"><span class='ocrx_word' id='word_1_458' title='bbox 333 2697 490 2736; x_wconf 83' lang='lat' dir='ltr'>proxima</span> <span class='ocrx_word' id='word_1_459' title='bbox 515 2699 594 2736; x_wconf 83' lang='lat' dir='ltr'>post</span> <span class='ocrx_word' id='word_1_460' title='bbox 623 2697 766 2727; x_wconf 82' lang='lat' dir='ltr'>Festum</span> <span class='ocrx_word' id='word_1_461' title='bbox 793 2697 1056 2737; x_wconf 85' lang='lat' dir='ltr'>Assumpcionis</span> <span class='ocrx_word' id='word_1_462' title='bbox 1089 2697 1196 2727; x_wconf 84' lang='lat' dir='ltr'>Beate</span> <span class='ocrx_word' id='word_1_463' title='bbox 1229 2697 1339 2728; x_wconf 85' lang='lat' dir='ltr'>Marie</span> <span class='ocrx_word' id='word_1_464' title='bbox 1371 2697 1526 2736; x_wconf 81' lang='lat' dir='ltr'>Virginis</span> <span class='ocrx_word' id='word_1_465' title='bbox 1558 2698 1715 2737; x_wconf 83' lang='lat' dir='ltr'>proximo</span> 
     </span>
     <span class='ocr_line' id='line_1_54' title="bbox 334 2740 1715 2781; baseline 0.001 -11"><span class='ocrx_word' id='word_1_466' title='bbox 334 2750 426 2771; x_wconf 89' lang='lat' dir='ltr'>nunc</span> <span class='ocrx_word' id='word_1_467' title='bbox 442 2740 612 2779; x_wconf 84' lang='lat' dir='ltr'>futurum,</span> <span class='ocrx_word' id='word_1_468' title='bbox 630 2750 770 2771; x_wconf 87' lang='lat' dir='ltr'>causam</span> <span class='ocrx_word' id='word_1_469' title='bbox 789 2750 850 2772; x_wconf 88' lang='lat' dir='ltr'>sen</span> <span class='ocrx_word' id='word_1_470' title='bbox 873 2751 1006 2779; x_wconf 87' lang='lat' dir='ltr'>causas,</span> <span class='ocrx_word' id='word_1_471' title='bbox 1023 2743 1099 2779; x_wconf 67' lang='lat' dir='ltr'>etc,</span> <span class='ocrx_word' id='word_1_472' title='bbox 1117 2741 1338 2781; x_wconf 85' lang='lat' dir='ltr'>proposituri,</span> <span class='ocrx_word' id='word_1_473' title='bbox 1354 2741 1569 2781; x_wconf 85' lang='lat' dir='ltr'>ulteriusque</span> <span class='ocrx_word' id='word_1_474' title='bbox 1585 2741 1715 2772; x_wconf 86' lang='lat' dir='ltr'>facturi</span> 
     </span>
     <span class='ocr_line' id='line_1_55' title="bbox 333 2785 1714 2826; baseline 0.001 -12"><span class='ocrx_word' id='word_1_475' title='bbox 333 2787 367 2814; x_wconf 87' lang='lat' dir='ltr'>et</span> <span class='ocrx_word' id='word_1_476' title='bbox 384 2785 569 2824; x_wconf 87' lang='lat' dir='ltr'>recepturi,</span> <span class='ocrx_word' id='word_1_477' title='bbox 586 2788 651 2815; x_wconf 82' lang='lat' dir='ltr'>etc.</span> <span class='ocrx_word' id='word_1_478' title='bbox 699 2785 912 2823; x_wconf 86' lang='lat' dir='ltr'>Terminum,</span> <span class='ocrx_word' id='word_1_479' title='bbox 935 2787 1064 2823; x_wconf 85' lang='lat' dir='ltr'>autem,</span> <span class='ocrx_word' id='word_1_480' title='bbox 1081 2785 1282 2826; x_wconf 82' lang='lat' dir='ltr'>hujusmodi</span> <span class='ocrx_word' id='word_1_481' title='bbox 1297 2786 1571 2824; x_wconf 88' lang='lat' dir='ltr'>peremptorium</span> <span class='ocrx_word' id='word_1_482' title='bbox 1588 2788 1623 2816; x_wconf 92' lang='lat' dir='ltr'>et</span> <span class='ocrx_word' id='word_1_483' title='bbox 1639 2795 1714 2826; x_wconf 90' lang='lat' dir='ltr'>per-</span> 
     </span>
    </p>
   </div>
   <div class='ocr_carea' id='block_1_7' title="bbox 457 2864 1447 2902">
    <p class='ocr_par' dir='ltr' id='par_1_8' title="bbox 457 2864 1447 2902">
     <span class='ocr_line' id='line_1_56' title="bbox 457 2864 1447 2902; baseline 0.003 -7"><span class='ocrx_word' id='word_1_484' title='bbox 457 2864 461 2884; x_wconf 89' lang='lat'><strong>¹</strong></span> <span class='ocrx_word' id='word_1_485' title='bbox 481 2865 636 2902; x_wconf 84' lang='lat' dir='ltr'>Falcons‚</span> <span class='ocrx_word' id='word_1_486' title='bbox 654 2865 760 2896; x_wconf 84' lang='lat' dir='ltr'>taken</span> <span class='ocrx_word' id='word_1_487' title='bbox 777 2865 870 2896; x_wconf 88' lang='lat' dir='ltr'>from</span> <span class='ocrx_word' id='word_1_488' title='bbox 886 2864 947 2896; x_wconf 85' lang='lat' dir='ltr'>the</span> <span class='ocrx_word' id='word_1_489' title='bbox 964 2867 1043 2896; x_wconf 85' lang='lat' dir='ltr'>nest</span> <span class='ocrx_word' id='word_1_490' title='bbox 1059 2865 1128 2897; x_wconf 85' lang='lat' dir='ltr'>and</span> <span class='ocrx_word' id='word_1_491' title='bbox 1144 2865 1266 2897; x_wconf 87' lang='lat' dir='ltr'>reared</span> <span class='ocrx_word' id='word_1_492' title='bbox 1283 2868 1318 2897; x_wconf 83' lang='lat' dir='ltr'>at</span> <span class='ocrx_word' id='word_1_493' title='bbox 1335 2865 1447 2898; x_wconf 88' lang='lat' dir='ltr'>home.</span> 
     </span>
    </p>
   </div>
  </div>
 </body>
</html>
