1907 3212
200 299 293 341 602
409 310 508 341 'rum
546 308 788 341 REGISTER
823 307 882 340 OF
918 307 1099 340 Blsuor
1134 307 1535 342 BRANTYNGHAM.

198 411 272 435 Η)
357 414 507 446 brandis,
536 413 763 451 solempniter
788 413 1016 451 publicantes.
1074 412 1128 449 Et,
1155 413 1182 442 si
1208 423 1293 452 quos
1311 413 1352 443 de
1370 413 1518 443 subditis
1535 412 1662 442 nostris·
1682 421 1742 451 per

199 445 297 502 lxffi'?
358 458 624 497 inquisicionem
659 457 873 493 diligentem,
906 467 968 495 per
1002 466 1062 485 vos
1093 460 1127 486 et
1160 457 1315 496 singulos
1346 460 1500 487 vestrum
1533 457 1741 487 auctoritate

253 497 258 502 ’
293 498 297 502 ’
356 508 475 531 nostra
494 501 700 534 faciendam,
719 501 753 531 in
771 501 949 539 premissis
967 501 1018 530 vel
1034 511 1152 531 corum
1171 501 1536 540 aliquodelinquentes
1550 511 1608 531 seu
1626 501 1740 539 culpa-

199 544 241 569 fwl-
266 545 321 569 150.
349 546 434 574 biles
452 545 685 584 replwrvritis,
704 545 830 581 citetis,
849 555 907 574 seu
926 545 1027 575 citari
1044 544 1194 582 faciatis,
1219 545 1368 583 eosdem,
1386 545 1629 584 perenmtorie,
1647 544 1738 584 quod

353 596 575 628 compareant
595 599 709 619 coram
730 589 873 619 Officiali
897 596 1016 619 nostro
1035 589 1233 628 Principali,
1259 600 1337 620 cum
1355 594 1528 628 potestate
1545 589 1739 627 corrigendi

352 642 386 663 ct
414 634 587 663 Canonice
614 634 779 672 puniendi
806 633 1022 663 subditorum
1050 636 1246 663 nostrorum
1267 634 1412 663 crimina
1430 636 1465 664 et
1482 643 1642 664 excessus
1659 643 1739 673 quo-

354 688 580 717 rumcumque
602 678 758 715 legitime
781 678 958 716 deputato,
977 688 1036 707 seu
1055 677 1260 707 Consistorii
1278 678 1388 708 nostri
1408 677 1612 708 Exoniensis
1629 677 1739 707 Presi-

353 723 466 759 ‹lente,
485 732 563 751 cum
582 724 756 761 potestate
774 722 945 751 consimili
964 722 1141 761 deputato,
1159 722 1293 752 decimo
1311 722 1365 752 die
1382 722 1537 752 Juridico
1553 724 1631 761 post
1650 721 1740 751 Cita-

354 767 487 796 cionem
505 769 658 796 vestram
676 766 718 796 de
736 766 820 805 ipsis
837 766 969 795 factam
987 766 1177 796 iumediate
1195 769 1370 806 sequente,
1396 776 1500 805 super
1525 768 1740 805 contemptu,

354 811 550 848 rebellione,
578 813 613 839 et
639 810 879 840 inobediencia
908 810 1108 850 hujusmodi
1132 810 1263 840 eisdem
1286 813 1320 840 et
1344 810 1498 849 ipsorum
1523 810 1674 847 cuilibet,
1699 810 1741 839 ad

354 855 507 884 debitam
536 855 732 884 animarum
762 865 904 884 suarum
933 855 1196 891 correecimwm,
1222 864 1262 884 ex
1281 855 1400 885 Officio
1417 858 1536 885 nostro
1553 854 1742 884 obiciendis

353 905 386 928 ct
406 899 628 938 exponendis,
647 899 802 937 legitime
819 899 1029 938 responsuri,
1047 902 1081 929 et
1108 899 1149 928 de
1167 899 1315 929 veritate
1333 899 1479 930 dicenda
1497 899 1532 928 iu
1550 899 1614 928 hac
1631 901 1740 937 parte,

353 944 380 973 si
399 946 568 982 oporteat,
580 943 811 982 personaliter
826 943 987 983 juraturi,
1001 946 1067 973 etc.
1116 943 1159 973 Et
1174 943 1257 983 quid
1272 943 1437 980 feceritis,
1454 947 1489 973 et
1506 943 1651 982 quilibet
1669 952 1741 972 ves-

353 993 446 1017 trum
464 988 588 1017 fecerit
606 988 639 1017 in
665 987 854 1026 premissis,
873 998 945 1024 nos,
964 992 1024 1017 aut
1048 988 1179 1017 dictum
1206 987 1395 1018 Officialem
1414 997 1472 1017 seu
1491 987 1741 1024 Presidentem,

353 1032 441 1061 citra
459 1032 600 1062 Festum
621 1031 739 1062 Sancti
759 1031 917 1070 Gregorii
937 1030 1029 1071 [MS.
1048 1031 1064 1044 “
1079 1032 1218 1069 Georgii
1235 1029 1261 1071 ],
1280 1032 1382 1071 Pape,
1400 1031 1556 1071 proximo
1573 1031 1742 1068 futurum,

350 1079 454 1115 prout
486 1076 529 1106 ad
562 1076 717 1115 singulos
755 1080 911 1106 vestrum
943 1076 1081 1114 attinet,
1121 1076 1238 1106 debite
1270 1076 1481 1113 certificetis,
1513 1075 1741 1106 etc.—-Dated

354 1121 506 1159 London,
524 1121 566 1150 25
583 1121 660 1151 Jan.

308 1174 601 1211 Ecclesiastical
620 1174 648 1210 J
653 1173 889 1211 urisdiction
906 1187 915 1220 ;
940 1174 1196 1211 Denunciacio
1217 1175 1259 1211 in
1277 1188 1408 1223 yenere
1428 1181 1560 1211 contra
1583 1174 1741 1221 impedi-

362 1236 459 1265 entes·
478 1229 795 1265 Jurisdieeiouem
817 1229 1188 1273 Ecclesiasticam‚—

310 1284 470 1322 Thomas,
496 1287 572 1321 oto,
599 1284 828 1314 Lancestonie
853 1290 888 1313 et
915 1284 1096 1313 Bodminie
1124 1284 1356 1322 Prioratuum,
1385 1286 1462 1321 ete„
1490 1283 1677 1320 Prioribus,
1703 1292 1742 1312 ac

352 1329 607 1358 Archidiacono
635 1332 755 1358 nostro
785 1328 968 1365 Coruubie,
995 1330 1030 1358 et
1059 1330 1176 1358 nostre
1204 1328 1394 1358 Peculiaris
1417 1327 1682 1358 Jurisdicciouis
1707 1327 1743 1356 111

354 1372 529 1402 Cornubia
557 1376 591 1403 et
620 1373 728 1411 ipsius
757 1372 1003 1402 Archidiacoui
1034 1372 1254 1410 Officialibns,
1284 1372 1512 1411 omnibusque
1538 1374 1573 1402 et
1598 1371 1744 1410 singulis

355 1417 589 1447 Ecclesiarum
616 1416 887 1454 Collegiatarum
915 1417 1073 1453 Dominis,
1093 1417 1293 1455 Prepositis,
1311 1418 1346 1446 et
1365 1416 1570 1452 Canonicis3
1597 1425 1742 1449 necnon,

357 1461 591 1491 Ecclesiarum
610 1461 865 1491 Parochialium
881 1460 1028 1498 Curatis,
1042 1470 1105 1500 per
1121 1460 1452 1490 Archidiaconatum
1470 1460 1741 1490 Cornubiensem

355 1506 501 1535 ubilibet
528 1505 740 1542 constitutis,
771 1505 930 1543 salutem,
959 1505 1173 1543 ete—Sane,
1200 1505 1279 1535 licet
1305 1514 1425 1534 omnes
1450 1507 1483 1534 et
1510 1504 1635 1543 singuli
1655 1503 1742 1534 Can-

353 1550 541 1579 tuariensis
568 1549 748 1579 Provincie
777 1549 916 1586 subditi,
945 1549 1002 1588 qui
1036 1549 1234 1588 Episcopos,
1262 1549 1550 1579 Jurisdiccionem
1584 1558 1680 1578 suani
1707 1549 1741 1577 111

355 1594 566 1623 Civitatibus
584 1604 644 1624 seu
662 1594 761 1623 Locis
778 1594 855 1623 aliis
879 1594 929 1623 eis
954 1593 1103 1623 subditis
1128 1593 1243 1623 debite
1268 1603 1448 1623 excercere
1466 1593 1631 1630 volentes,
1649 1593 1682 1622 in
1708 1596 1743 1622 et

354 1648 458 1677 super
482 1638 548 1668 hiis
573 1648 637 1677 que
663 1640 824 1677 spectant
847 1637 980 1667 notorie
1006 1638 1049 1667 ad
1073 1637 1222 1675 eosdem,
1241 1647 1311 1675 seu,
1337 1648 1399 1676 pro
1423 1637 1610 1667 excercicio
1634 1637 1741 1667 Juris-

355 1683 519 1712 diceionis
549 1682 802 1718 Ecclesiastico,
829 1681 997 1711 Mandata
1029 1692 1091 1711 sua
1122 1682 1218 1711 licita
1250 1684 1285 1711 et
1314 1682 1488 1712 Canonica
1516 1681 1742 1718 destinantes,

354 1727 646 1766 execucionesque
663 1726 852 1756 eorundem
871 1726 986 1756 debite
1003 1726 1183 1756 faciendas
1200 1726 1404 1765 impediunt,
1423 1729 1457 1756 et
1482 1725 1642 1764 impediri
1667 1735 1742 1765 pro-

355 1774 478 1801 curant
503 1771 644 1810 injuste,
670 1781 710 1800 ac
735 1771 890 1808 nuncios,
916 1770 1083 1800 Mandata
1107 1770 1306 1809 hujusmodi
1332 1770 1530 1800 deferentes
1561 1772 1594 1799 ct
1627 1769 1743 1799 facere

355 1815 471 1845 debite
495 1815 608 1854 justas
633 1815 859 1845 execuciones
876 1815 1042 1852 volentes,
1061 1825 1194 1853 capere,
1212 1814 1406 1851 verberare,
1425 1819 1460 1844 et
1484 1814 1574 1844 male
1590 1820 1742 1853 pertrac-

355 1865 429 1889 tare
446 1860 613 1899 injuriose
630 1862 847 1898 presumunt,
866 1859 935 1889 sint
955 1858 1141 1888 Sentencia
1159 1858 1540 1889 Excommunicas-ionis
1565 1858 1707 1898 Majoris
1724 1867 1744 1887 a

356 1904 531 1933 nonnullis
544 1903 751 1933 Sanctorum
770 1903 914 1933 Patrum
935 1903 1256 1933 Constitucionibus
1276 1902 1550 1932 provincialibus
1563 1902 1743 1932 Provincie

355 1948 541 1985 antedicto,
560 1948 593 1977 111
612 1948 676 1978 hac
694 1953 792 1987 parte
810 1948 875 1976 rite
893 1947 1006 1984 editis,
1024 1947 1103 1985 late,
1122 1947 1392 1986 dampnabiliter
1405 1947 1551 1976 involuti
1567 1961 1573 1981 3
1591 1947 1743 1986 quidam,

356 1998 483 2027 tamen,
514 1992 653 2022 Domini
682 1991 892 2031 temporales
923 1996 955 2021 et
982 1991 1040 2021 alii
1066 1991 1249 2028 seculares,
1275 1991 1537 2021 Cantuariensis
1562 1991 1743 2021 Provincie

356 2037 489 2065 notorie
508 2036 648 2069 subditi,
666 2046 810 2075 quorum
830 2036 971 2065 nomina
988 2036 1195 2074 ignorantur
1211 2036 1343 2074 pariter
1359 2038 1391 2065 et
1409 2045 1566 2074 persone,
1585 2034 1742 2065 Officium

356 2087 513 2110 nostrum
532 2084 566 2110 et
583 2080 872 2110 Jm¹isdicci0nem
890 2086 1045 2110 nostram
1066 2080 1357 2117 Ecclesiasticam,
1375 2083 1410 2109 et
1434 2079 1579 2109 aliorum
1599 2079 1742 2109 Ordina-

356 2125 496 2161 riorum,
515 2125 682 2163 impedire
700 2125 860 2164 nequiter
876 2124 1069 2159 molientes,
1087 2127 1189 2163 prout
1207 2134 1247 2153 ex
1264 2124 1518 2162 fidedignorum
1543 2123 1744 2153 testimonio

357 2177 389 2198 et
408 2169 503 2198 sama
521 2169 706 2198 didicimus
730 2169 879 2207 publica,
896 2171 1078 2207 postquam
1107 2167 1386 2198 Constitueiones
1411 2167 1609 2207 hujusmodi
1627 2170 1743 2197 artare

358 2223 393 2242 se
410 2216 536 2251 parant
561 2213 802 2252 delinquentes
827 2212 918 2242 iufra
944 2212 1277 2242 Archidiaconatum
1298 2212 1505 2251 predictum,
1523 2216 1599 2249 etc.,
1617 2221 1679 2241 nos
1703 2221 1743 2241 ac

358 2257 529 2287 Officiales
547 2260 581 2287 et
599 2257 864 2286 Commissarios
881 2258 1018 2286 nostros
1042 2266 1104 2295 pro
1129 2256 1317 2286 excercicio
1340 2256 1602 2286 Jurisdiceionis
1625 2258 1743 2285 nostre

360 2301 600 2331 Ecclesiastice
630 2301 797 2330 Mandata
820 2301 918 2330 licita
941 2304 976 2330 et
1001 2300 1175 2330 Canonica
1201 2301 1427 2337 destinantes,
1452 2300 1743 2338 execuciOiiesqiie

358 2355 476 2375 eorum
503 2345 618 2375 debite
643 2345 822 2375 faciendas
854 2345 1051 2384 impediunt
1079 2348 1113 2374 et
1138 2344 1299 2384 impediri
1327 2351 1515 2384 procurant
1539 2344 1679 2383 injuste,
1703 2353 1743 2373 ac

360 2389 504 2419 nuncios
522 2389 687 2419 Mandata
705 2389 904 2428 hujusmodi
928 2388 1137 2426 deferentes,
1155 2392 1189 2418 ct
1213 2388 1330 2418 facere
1355 2388 1470 2418 debite
1493 2388 1606 2427 justas
1622 2397 1742 2417 execu-

359 2434 475 2463 ciones
506 2433 672 2469 volentes,
701 2443 834 2472 capere,
865 2433 1056 2470 verberare,
1083 2437 1117 2462 et
1150 2433 1240 2462 male
1272 2435 1486 2472 pertractare
1518 2431 1684 2471 injuriose
1707 2434 1743 2461 et

360 2481 490 2507 temere
518 2480 817 2516 presumpserunt,
846 2477 1114 2516 tenentibusque
1140 2477 1211 2507 suis
1249 2476 1405 2516 prefatos
1432 2477 1576 2506 nuncios
1607 2478 1743 2506 nostros

360 2521 560 2561 hujusmodi
588 2521 754 2551 Mandata
781 2520 981 2551 deferentes
1016 2531 1149 2560 capere,
1178 2531 1366 2560 eorumque
1398 2520 1502 2550 tibias
1533 2524 1567 2550 et
1600 2519 1743 2549 brachia

360 2565 532 2603 frangere,
547 2575 586 2595 ac
604 2566 639 2595 in
656 2565 766 2604 cippis
779 2568 813 2594 et
831 2565 1056 2604 compedibus
1068 2575 1206 2604 ponere,
1218 2575 1314 2595 more
1331 2565 1549 2594 tirannorum
1566 2564 1742 2603 precipere

361 2620 429 2638 non
462 2612 637 2647 verentur,
665 2609 794 2639 dictam
829 2609 973 2649 Majoris
1005 2609 1387 2639 Excommunicacionis
1423 2608 1644 2638 Sentenciam
1668 2608 1743 2646 ipso

360 2653 454 2683 facto
478 2653 748 2693 dampnabiliter
771 2653 989 2691 incurrendo,
1007 2663 1075 2692 qua
1099 2653 1303 2684 sordescunt
1328 2653 1498 2682 hactenus
1521 2651 1688 2687 innodati,
1706 2651 1741 2680 111

360 2697 555 2726 animarum
585 2707 726 2727 suarum
753 2697 884 2735 grande
912 2697 1105 2736 periculum
1132 2699 1167 2727 et
1193 2697 1339 2727 aliorum
1363 2696 1597 2735 perniciosum
1629 2705 1741 2725 exem-

360 2741 465 2779 plum,
482 2741 811 2780 Jurisdiccionisque
830 2744 946 2771 nostre
963 2741 1162 2781 hujusmodi
1181 2741 1344 2770 lesionem
1362 2749 1551 2777 enormem,
1565 2738 1742 2778 nostrique

359 2787 598 2823 contemptum
624 2784 861 2815 manifestum.
910 2785 992 2822 Nos,
1016 2785 1134 2824 igitur,
1158 2784 1428 2814 Jurisdicciones
1452 2786 1487 2813 et
1509 2783 1589 2823 jura
1613 2786 1742 2819 nostra,

363 2834 399 2857 ut
415 2837 455 2858 ex
474 2828 585 2858 Officii
602 2829 713 2859 nostri
732 2829 848 2858 debito
865 2829 1022 2867 cogimur
1038 2831 1073 2859 et
1090 2832 1260 2865 tenemur,
1277 2827 1465 2857 defendere
1482 2830 1517 2857 et
1540 2827 1630 2856 tueri
1651 2826 1742 2856 solli-

361 2872 428 2902 cite
452 2872 642 2913 cupientes,
659 2882 699 2903 ac
715 2873 914 2913 hujusmodi
931 2871 1088 2903 facinora
1104 2871 1316 2913 pertransire
1340 2871 1452 2901 inulta
1476 2870 1742 2901 conniventibus
