<?xml version="1.0" encoding="UTF-8"?>
<!DOCTYPE html PUBLIC "-//W3C//DTD XHTML 1.0 Transitional//EN"
    "http://www.w3.org/TR/xhtml1/DTD/xhtml1-transitional.dtd">
<html xmlns="http://www.w3.org/1999/xhtml" xml:lang="en" lang="en">
 <head>
  <title>
</title>
<meta http-equiv="Content-Type" content="text/html;charset=utf-8" />
  <meta name='ocr-system' content='tesseract 3.04.00' />
  <meta name='ocr-capabilities' content='ocr_page ocr_carea ocr_par ocr_line ocrx_word'/>
</head>
<body>
  <div class='ocr_page' id='page_1' title='image "./registerofthomas02cathuoft_0058.png"; bbox 0 0 1907 3212; ppageno 0'>
   <div class='ocr_carea' id='block_1_1' title="bbox 174 305 266 354">
    <p class='ocr_par' dir='ltr' id='par_1_1' title="bbox 174 305 266 354">
     <span class='ocr_line' id='line_1_1' title="bbox 174 305 266 354; baseline 0.011 -2"><span class='ocrx_word' id='word_1_1' title='bbox 174 305 266 354; x_wconf 75' lang='lat'>578</span> 
     </span>
    </p>
   </div>
   <div class='ocr_carea' id='block_1_2' title="bbox 177 421 249 480">
    <p class='ocr_par' dir='ltr' id='par_1_2' title="bbox 177 421 249 480">
     <span class='ocr_line' id='line_1_2' title="bbox 177 421 240 445; baseline 0.016 -1"><span class='ocrx_word' id='word_1_2' title='bbox 177 422 196 444; x_wconf 65' lang='lat' dir='ltr'>A</span> <span class='ocrx_word' id='word_1_3' title='bbox 216 421 240 445; x_wconf 88' lang='lat' dir='ltr'>D</span> 
     </span>
     <span class='ocr_line' id='line_1_3' title="bbox 177 456 249 480; baseline 0.014 -2"><span class='ocrx_word' id='word_1_4' title='bbox 177 456 249 480; x_wconf 77' lang='lat'>1385.</span> 
     </span>
    </p>
   </div>
   <div class='ocr_carea' id='block_1_3' title="bbox 176 488 276 514">
    <p class='ocr_par' dir='ltr' id='par_1_3' title="bbox 176 488 276 514">
     <span class='ocr_line' id='line_1_4' title="bbox 176 488 276 514; baseline 0.01 -2"><span class='ocrx_word' id='word_1_5' title='bbox 176 488 236 514; x_wconf 83' lang='lat' dir='ltr'>vol.</span> <span class='ocrx_word' id='word_1_6' title='bbox 256 488 276 513; x_wconf 89' lang='lat'>1.</span> 
     </span>
    </p>
   </div>
   <div class='ocr_carea' id='block_1_4' title="bbox 389 313 1502 353">
    <p class='ocr_par' dir='ltr' id='par_1_4' title="bbox 389 313 1502 353">
     <span class='ocr_line' id='line_1_5' title="bbox 389 313 1502 353; baseline -0.003 0"><span class='ocrx_word' id='word_1_7' title='bbox 389 321 488 353; x_wconf 73' lang='lat' dir='ltr'>THE</span> <span class='ocrx_word' id='word_1_8' title='bbox 525 316 763 353; x_wconf 76' lang='lat' dir='ltr'><strong>REGISTER</strong></span> <span class='ocrx_word' id='word_1_9' title='bbox 798 315 856 351; x_wconf 76' lang='lat' dir='ltr'>OF</span> <span class='ocrx_word' id='word_1_10' title='bbox 894 314 1069 352; x_wconf 82' lang='lat' dir='ltr'>BIsHOP</span> <span class='ocrx_word' id='word_1_11' title='bbox 1106 313 1502 351; x_wconf 76' lang='lat' dir='ltr'><strong>BRANTYNGHAM.</strong></span> 
     </span>
    </p>
   </div>
   <div class='ocr_carea' id='block_1_5' title="bbox 331 419 1714 1612">
    <p class='ocr_par' dir='ltr' id='par_1_5' title="bbox 331 419 1714 1612">
     <span class='ocr_line' id='line_1_6' title="bbox 331 419 1711 462; baseline -0.004 -8"><span class='ocrx_word' id='word_1_12' title='bbox 331 435 429 455; x_wconf 83' lang='lat' dir='ltr'>osuiu</span> <span class='ocrx_word' id='word_1_13' title='bbox 462 423 669 462; x_wconf 80' lang='lat' dir='ltr'>exemplum.</span> <span class='ocrx_word' id='word_1_14' title='bbox 718 423 883 462; x_wconf 68' lang='lat' dir='ltr'>idemque</span> <span class='ocrx_word' id='word_1_15' title='bbox 918 423 1086 453; x_wconf 80' lang='lat' dir='ltr'>Ricardus</span> <span class='ocrx_word' id='word_1_16' title='bbox 1118 423 1232 453; x_wconf 88' lang='lat' dir='ltr'>senior</span> <span class='ocrx_word' id='word_1_17' title='bbox 1262 423 1376 453; x_wconf 79' lang='lat' dir='ltr'>claves</span> <span class='ocrx_word' id='word_1_18' title='bbox 1408 422 1516 461; x_wconf 90' lang='lat' dir='ltr'>ipsius</span> <span class='ocrx_word' id='word_1_19' title='bbox 1550 419 1711 450; x_wconf 80' lang='lat' dir='ltr'>Ecclesie.</span> 
     </span>
     <span class='ocr_line' id='line_1_7' title="bbox 333 463 1712 507; baseline -0.001 -9"><span class='ocrx_word' id='word_1_20' title='bbox 333 476 449 507; x_wconf 88' lang='lat' dir='ltr'>preter</span> <span class='ocrx_word' id='word_1_21' title='bbox 479 474 511 498; x_wconf 87' lang='lat' dir='ltr'>et</span> <span class='ocrx_word' id='word_1_22' title='bbox 546 473 666 497; x_wconf 87' lang='lat' dir='ltr'>contra</span> <span class='ocrx_word' id='word_1_23' title='bbox 699 467 913 497; x_wconf 80' lang='lat' dir='ltr'>voluntatem</span> <span class='ocrx_word' id='word_1_24' title='bbox 940 467 1048 505; x_wconf 84' lang='lat' dir='ltr'>ipsius</span> <span class='ocrx_word' id='word_1_25' title='bbox 1073 467 1211 497; x_wconf 86' lang='lat' dir='ltr'>Domini</span> <span class='ocrx_word' id='word_1_26' title='bbox 1238 467 1374 506; x_wconf 79' lang='lat' dir='ltr'>Rogeri,</span> <span class='ocrx_word' id='word_1_27' title='bbox 1393 465 1549 497; x_wconf 76' lang='lat' dir='ltr'>Hectoris</span> <span class='ocrx_word' id='word_1_28' title='bbox 1573 463 1712 504; x_wconf 67' lang='lat' dir='ltr'>prefati,</span> 
     </span>
     <span class='ocr_line' id='line_1_8' title="bbox 332 507 1710 551; baseline -0.004 -10"><span class='ocrx_word' id='word_1_29' title='bbox 332 513 461 551; x_wconf 83' lang='lat' dir='ltr'>injuste</span> <span class='ocrx_word' id='word_1_30' title='bbox 501 512 634 542; x_wconf 84' lang='lat' dir='ltr'>detinet</span> <span class='ocrx_word' id='word_1_31' title='bbox 670 517 867 550; x_wconf 77' lang='lat' dir='ltr'>occupatas,</span> <span class='ocrx_word' id='word_1_32' title='bbox 901 511 1097 550; x_wconf 85' lang='lat' dir='ltr'>ingressum</span> <span class='ocrx_word' id='word_1_33' title='bbox 1130 511 1165 540; x_wconf 91' lang='lat' dir='ltr'>in</span> <span class='ocrx_word' id='word_1_34' title='bbox 1197 511 1343 541; x_wconf 84' lang='lat' dir='ltr'>eandem</span> <span class='ocrx_word' id='word_1_35' title='bbox 1378 510 1568 541; x_wconf 76' lang='lat' dir='ltr'><strong>Ecclesiam</strong></span> <span class='ocrx_word' id='word_1_36' title='bbox 1600 507 1710 538; x_wconf 86' lang='lat' dir='ltr'>eidem</span> 
     </span>
     <span class='ocr_line' id='line_1_9' title="bbox 335 554 1711 594; baseline -0.004 -9"><span class='ocrx_word' id='word_1_37' title='bbox 335 557 480 585; x_wconf 87' lang='lat' dir='ltr'>Domino</span> <span class='ocrx_word' id='word_1_38' title='bbox 510 556 654 594; x_wconf 76' lang='lat' dir='ltr'>Rogero,</span> <span class='ocrx_word' id='word_1_39' title='bbox 683 555 819 585; x_wconf 77' lang='lat' dir='ltr'>Hectori</span> <span class='ocrx_word' id='word_1_40' title='bbox 845 555 1010 594; x_wconf 86' lang='lat' dir='ltr'>predicto.</span> <span class='ocrx_word' id='word_1_41' title='bbox 1035 565 1097 594; x_wconf 90' lang='lat' dir='ltr'>pro</span> <span class='ocrx_word' id='word_1_42' title='bbox 1130 555 1264 586; x_wconf 83' lang='lat' dir='ltr'>Divinis</span> <span class='ocrx_word' id='word_1_43' title='bbox 1290 556 1418 585; x_wconf 83' lang='lat' dir='ltr'>Officiis</span> <span class='ocrx_word' id='word_1_44' title='bbox 1444 564 1505 594; x_wconf 88' lang='lat' dir='ltr'>per</span> <span class='ocrx_word' id='word_1_45' title='bbox 1530 554 1642 592; x_wconf 88' lang='lat' dir='ltr'>ipsum</span> <span class='ocrx_word' id='word_1_46' title='bbox 1677 558 1711 581; x_wconf 87' lang='lat' dir='ltr'>ct</span> 
     </span>
     <span class='ocr_line' id='line_1_10' title="bbox 334 595 1711 639; baseline -0.004 -10"><span class='ocrx_word' id='word_1_47' title='bbox 334 600 559 638; x_wconf 65' lang='lat' dir='ltr'>Capellanum</span> <span class='ocrx_word' id='word_1_48' title='bbox 586 609 686 629; x_wconf 87' lang='lat' dir='ltr'>suum</span> <span class='ocrx_word' id='word_1_49' title='bbox 712 599 839 629; x_wconf 79' lang='lat' dir='ltr'>ibidem</span> <span class='ocrx_word' id='word_1_50' title='bbox 866 599 1092 637; x_wconf 68' lang='lat' dir='ltr'>celebrandis,</span> <span class='ocrx_word' id='word_1_51' title='bbox 1114 600 1272 639; x_wconf 85' lang='lat' dir='ltr'>nequiter</span> <span class='ocrx_word' id='word_1_52' title='bbox 1296 599 1510 638; x_wconf 78' lang='lat' dir='ltr'>denegando.</span> <span class='ocrx_word' id='word_1_53' title='bbox 1535 598 1571 627; x_wconf 92' lang='lat' dir='ltr'>in</span> <span class='ocrx_word' id='word_1_54' title='bbox 1597 595 1711 626; x_wconf 84' lang='lat' dir='ltr'>Divini</span> 
     </span>
     <span class='ocr_line' id='line_1_11' title="bbox 333 640 1710 683; baseline -0.004 -10"><span class='ocrx_word' id='word_1_55' title='bbox 333 645 456 674; x_wconf 80' lang='lat' dir='ltr'>Cultus</span> <span class='ocrx_word' id='word_1_56' title='bbox 495 643 767 673; x_wconf 83' lang='lat' dir='ltr'>diminucionem</span> <span class='ocrx_word' id='word_1_57' title='bbox 807 643 990 682; x_wconf 74' lang='lat' dir='ltr'>animeque</span> <span class='ocrx_word' id='word_1_58' title='bbox 1022 643 1131 683; x_wconf 89' lang='lat' dir='ltr'>ipsius</span> <span class='ocrx_word' id='word_1_59' title='bbox 1171 644 1309 674; x_wconf 85' lang='lat' dir='ltr'>Ricardi</span> <span class='ocrx_word' id='word_1_60' title='bbox 1343 643 1488 674; x_wconf 86' lang='lat' dir='ltr'>senioris</span> <span class='ocrx_word' id='word_1_61' title='bbox 1520 640 1710 681; x_wconf 87' lang='lat' dir='ltr'>periculum</span> 
     </span>
     <span class='ocr_line' id='line_1_12' title="bbox 334 683 1711 727; baseline -0.003 -10"><span class='ocrx_word' id='word_1_62' title='bbox 334 688 570 725; x_wconf 86' lang='lat' dir='ltr'>manifestum,</span> <span class='ocrx_word' id='word_1_63' title='bbox 595 697 635 718; x_wconf 85' lang='lat' dir='ltr'>ac</span> <span class='ocrx_word' id='word_1_64' title='bbox 660 687 842 727; x_wconf 73' lang='lat' dir='ltr'>prescripti</span> <span class='ocrx_word' id='word_1_65' title='bbox 869 687 1008 717; x_wconf 86' lang='lat' dir='ltr'>Domini</span> <span class='ocrx_word' id='word_1_66' title='bbox 1034 688 1170 726; x_wconf 81' lang='lat' dir='ltr'>Rogeri.</span> <span class='ocrx_word' id='word_1_67' title='bbox 1197 688 1355 718; x_wconf 85' lang='lat' dir='ltr'>Rectoris</span> <span class='ocrx_word' id='word_1_68' title='bbox 1378 686 1537 727; x_wconf 70' lang='lat' dir='ltr'>premoti,</span> <span class='ocrx_word' id='word_1_69' title='bbox 1562 683 1711 725; x_wconf 84' lang='lat' dir='ltr'>prejudi-</span> 
     </span>
     <span class='ocr_line' id='line_1_13' title="bbox 333 729 1713 772; baseline -0.002 -11"><span class='ocrx_word' id='word_1_70' title='bbox 333 733 423 761; x_wconf 82' lang='lat' dir='ltr'>cium</span> <span class='ocrx_word' id='word_1_71' title='bbox 449 743 517 762; x_wconf 90' lang='lat' dir='ltr'>non</span> <span class='ocrx_word' id='word_1_72' title='bbox 542 732 716 761; x_wconf 86' lang='lat' dir='ltr'>modicum</span> <span class='ocrx_word' id='word_1_73' title='bbox 742 736 775 762; x_wconf 88' lang='lat' dir='ltr'>et</span> <span class='ocrx_word' id='word_1_74' title='bbox 801 742 1001 771; x_wconf 75' lang='lat' dir='ltr'>gravamen.</span> <span class='ocrx_word' id='word_1_75' title='bbox 1057 732 1168 772; x_wconf 79' lang='lat' dir='ltr'>Super</span> <span class='ocrx_word' id='word_1_76' title='bbox 1191 732 1314 771; x_wconf 88' lang='lat' dir='ltr'>quibus</span> <span class='ocrx_word' id='word_1_77' title='bbox 1338 732 1430 762; x_wconf 90' lang='lat' dir='ltr'>idem</span> <span class='ocrx_word' id='word_1_78' title='bbox 1456 730 1625 760; x_wconf 85' lang='lat' dir='ltr'>Dominus</span> <span class='ocrx_word' id='word_1_79' title='bbox 1650 729 1713 758; x_wconf 78' lang='lat' dir='ltr'>Ro-</span> 
     </span>
     <span class='ocr_line' id='line_1_14' title="bbox 333 772 1713 815; baseline -0.004 -9"><span class='ocrx_word' id='word_1_80' title='bbox 333 786 446 813; x_wconf 59' lang='lat' dir='ltr'>gerus,</span> <span class='ocrx_word' id='word_1_81' title='bbox 465 777 590 806; x_wconf 80' lang='lat' dir='ltr'>Hector</span> <span class='ocrx_word' id='word_1_82' title='bbox 613 776 781 815; x_wconf 59' lang='lat' dir='ltr'>prefatus</span> <span class='ocrx_word' id='word_1_83' title='bbox 799 776 899 815; x_wconf 87' lang='lat' dir='ltr'>petiit</span> <span class='ocrx_word' id='word_1_84' title='bbox 917 776 981 805; x_wconf 89' lang='lat' dir='ltr'>sibi</span> <span class='ocrx_word' id='word_1_85' title='bbox 998 786 1061 815; x_wconf 87' lang='lat' dir='ltr'>per</span> <span class='ocrx_word' id='word_1_86' title='bbox 1083 786 1146 806; x_wconf 89' lang='lat' dir='ltr'>nos</span> <span class='ocrx_word' id='word_1_87' title='bbox 1163 777 1205 806; x_wconf 89' lang='lat' dir='ltr'>de</span> <span class='ocrx_word' id='word_1_88' title='bbox 1229 783 1401 815; x_wconf 88' lang='lat' dir='ltr'>oportuno</span> <span class='ocrx_word' id='word_1_89' title='bbox 1425 774 1578 805; x_wconf 87' lang='lat' dir='ltr'>remedio</span> <span class='ocrx_word' id='word_1_90' title='bbox 1602 772 1713 812; x_wconf 79' lang='lat' dir='ltr'>provi·</span> 
     </span>
     <span class='ocr_line' id='line_1_15' title="bbox 333 816 1713 860; baseline -0.001 -12"><span class='ocrx_word' id='word_1_91' title='bbox 333 821 415 851; x_wconf 84' lang='lat' dir='ltr'>deri.</span> <span class='ocrx_word' id='word_1_92' title='bbox 444 820 523 852; x_wconf 77' lang='lat' dir='ltr'>Nos,</span> <span class='ocrx_word' id='word_1_93' title='bbox 542 820 658 859; x_wconf 73' lang='lat' dir='ltr'>igitur,</span> <span class='ocrx_word' id='word_1_94' title='bbox 672 820 830 850; x_wconf 75' lang='lat' dir='ltr'>nolentes</span> <span class='ocrx_word' id='word_1_95' title='bbox 847 820 960 850; x_wconf 77' lang='lat' dir='ltr'>eidem</span> <span class='ocrx_word' id='word_1_96' title='bbox 980 821 1128 850; x_wconf 91' lang='lat' dir='ltr'>Domino</span> <span class='ocrx_word' id='word_1_97' title='bbox 1146 821 1281 860; x_wconf 83' lang='lat' dir='ltr'>Rogero</span> <span class='ocrx_word' id='word_1_98' title='bbox 1295 821 1331 850; x_wconf 88' lang='lat' dir='ltr'>in</span> <span class='ocrx_word' id='word_1_99' title='bbox 1348 830 1409 850; x_wconf 88' lang='lat' dir='ltr'>sua</span> <span class='ocrx_word' id='word_1_100' title='bbox 1427 820 1545 850; x_wconf 82' lang='lat' dir='ltr'>deesse</span> <span class='ocrx_word' id='word_1_101' title='bbox 1562 816 1713 857; x_wconf 72' lang='lat' dir='ltr'>justicia,</span> 
     </span>
     <span class='ocr_line' id='line_1_16' title="bbox 333 860 1714 903; baseline -0.002 -10"><span class='ocrx_word' id='word_1_102' title='bbox 333 865 434 895; x_wconf 76' lang='lat' dir='ltr'>sicuti</span> <span class='ocrx_word' id='word_1_103' title='bbox 453 875 516 894; x_wconf 83' lang='lat' dir='ltr'>nec</span> <span class='ocrx_word' id='word_1_104' title='bbox 533 865 710 898; x_wconf 78' lang='lat' dir='ltr'>debemus,</span> <span class='ocrx_word' id='word_1_105' title='bbox 728 864 836 899; x_wconf 77' lang='lat' dir='ltr'>vobis,</span> <span class='ocrx_word' id='word_1_106' title='bbox 854 870 931 895; x_wconf 87' lang='lat' dir='ltr'>etc..</span> <span class='ocrx_word' id='word_1_107' title='bbox 949 865 1168 903; x_wconf 82' lang='lat' dir='ltr'>mandamus,</span> <span class='ocrx_word' id='word_1_108' title='bbox 1185 865 1220 894; x_wconf 94' lang='lat' dir='ltr'>in</span> <span class='ocrx_word' id='word_1_109' title='bbox 1238 865 1370 894; x_wconf 70' lang='lat' dir='ltr'>virtute</span> <span class='ocrx_word' id='word_1_110' title='bbox 1389 862 1597 894; x_wconf 85' lang='lat' dir='ltr'>Obediencie</span> <span class='ocrx_word' id='word_1_111' title='bbox 1617 860 1714 891; x_wconf 87' lang='lat' dir='ltr'>nobis</span> 
     </span>
     <span class='ocr_line' id='line_1_17' title="bbox 334 904 1713 948; baseline -0.003 -10"><span class='ocrx_word' id='word_1_112' title='bbox 334 909 478 948; x_wconf 86' lang='lat' dir='ltr'>prestite</span> <span class='ocrx_word' id='word_1_113' title='bbox 510 919 549 939; x_wconf 85' lang='lat' dir='ltr'>ac</span> <span class='ocrx_word' id='word_1_114' title='bbox 581 909 696 948; x_wconf 85' lang='lat' dir='ltr'>jurate</span> <span class='ocrx_word' id='word_1_115' title='bbox 728 909 876 938; x_wconf 85' lang='lat' dir='ltr'>firmiter</span> <span class='ocrx_word' id='word_1_116' title='bbox 908 909 1143 948; x_wconf 68' lang='lat' dir='ltr'>injungentes,</span> <span class='ocrx_word' id='word_1_117' title='bbox 1172 909 1337 948; x_wconf 83' lang='lat' dir='ltr'>quatinus</span> <span class='ocrx_word' id='word_1_118' title='bbox 1367 908 1494 943; x_wconf 80' lang='lat' dir='ltr'>citetis,</span> <span class='ocrx_word' id='word_1_119' title='bbox 1522 917 1582 937; x_wconf 79' lang='lat' dir='ltr'>seu</span> <span class='ocrx_word' id='word_1_120' title='bbox 1614 904 1713 936; x_wconf 87' lang='lat' dir='ltr'>citari</span> 
     </span>
     <span class='ocr_line' id='line_1_18' title="bbox 333 951 1712 992; baseline -0.003 -9"><span class='ocrx_word' id='word_1_121' title='bbox 333 953 482 986; x_wconf 77' lang='lat' dir='ltr'>faciatis.</span> <span class='ocrx_word' id='word_1_122' title='bbox 501 953 745 992; x_wconf 82' lang='lat' dir='ltr'>peremptorie,</span> <span class='ocrx_word' id='word_1_123' title='bbox 763 953 918 992; x_wconf 84' lang='lat' dir='ltr'>prefatos</span> <span class='ocrx_word' id='word_1_124' title='bbox 936 953 1123 983; x_wconf 85' lang='lat' dir='ltr'>Ricardum</span> <span class='ocrx_word' id='word_1_125' title='bbox 1148 956 1183 983; x_wconf 85' lang='lat' dir='ltr'>et</span> <span class='ocrx_word' id='word_1_126' title='bbox 1210 953 1397 983; x_wconf 83' lang='lat' dir='ltr'>Ricardum</span> <span class='ocrx_word' id='word_1_127' title='bbox 1422 951 1513 991; x_wconf 86' lang='lat' dir='ltr'>quod</span> <span class='ocrx_word' id='word_1_128' title='bbox 1537 959 1712 989; x_wconf 81' lang='lat' dir='ltr'>compare-</span> 
     </span>
     <span class='ocr_line' id='line_1_19' title="bbox 332 994 1712 1037; baseline -0.001 -10"><span class='ocrx_word' id='word_1_129' title='bbox 332 1003 403 1033; x_wconf 72' lang='lat' dir='ltr'>ant,</span> <span class='ocrx_word' id='word_1_130' title='bbox 418 1002 453 1027; x_wconf 89' lang='lat' dir='ltr'>et</span> <span class='ocrx_word' id='word_1_131' title='bbox 471 1000 615 1037; x_wconf 87' lang='lat' dir='ltr'>uterque</span> <span class='ocrx_word' id='word_1_132' title='bbox 632 1007 751 1027; x_wconf 89' lang='lat' dir='ltr'>eorum</span> <span class='ocrx_word' id='word_1_133' title='bbox 770 1001 980 1037; x_wconf 82' lang='lat' dir='ltr'>compareat,</span> <span class='ocrx_word' id='word_1_134' title='bbox 997 1008 1113 1027; x_wconf 85' lang='lat' dir='ltr'>coram</span> <span class='ocrx_word' id='word_1_135' title='bbox 1131 997 1276 1027; x_wconf 83' lang='lat' dir='ltr'>officiali</span> <span class='ocrx_word' id='word_1_136' title='bbox 1294 1000 1414 1028; x_wconf 82' lang='lat' dir='ltr'>nostro</span> <span class='ocrx_word' id='word_1_137' title='bbox 1431 994 1628 1035; x_wconf 81' lang='lat' dir='ltr'>Principali,</span> <span class='ocrx_word' id='word_1_138' title='bbox 1643 1003 1712 1026; x_wconf 79' lang='lat' dir='ltr'>seu.</span> 
     </span>
     <span class='ocr_line' id='line_1_20' title="bbox 335 1041 1712 1081; baseline -0.003 -10"><span class='ocrx_word' id='word_1_139' title='bbox 335 1042 368 1071; x_wconf 87' lang='lat' dir='ltr'>in</span> <span class='ocrx_word' id='word_1_140' title='bbox 387 1042 463 1081; x_wconf 83' lang='lat' dir='ltr'>ejus</span> <span class='ocrx_word' id='word_1_141' title='bbox 479 1041 652 1079; x_wconf 75' lang='lat' dir='ltr'>absencia,</span> <span class='ocrx_word' id='word_1_142' title='bbox 670 1042 779 1072; x_wconf 84' lang='lat' dir='ltr'>nostri</span> <span class='ocrx_word' id='word_1_143' title='bbox 799 1041 1003 1072; x_wconf 83' lang='lat' dir='ltr'>Consistorii</span> <span class='ocrx_word' id='word_1_144' title='bbox 1030 1042 1235 1072; x_wconf 84' lang='lat' dir='ltr'>Exoniensis</span> <span class='ocrx_word' id='word_1_145' title='bbox 1260 1041 1463 1072; x_wconf 84' lang='lat' dir='ltr'>Presidente</span> <span class='ocrx_word' id='word_1_146' title='bbox 1487 1048 1712 1080; x_wconf 77' lang='lat' dir='ltr'>quocumque,</span> 
     </span>
     <span class='ocr_line' id='line_1_21' title="bbox 333 1086 1711 1125; baseline -0.004 -9"><span class='ocrx_word' id='word_1_147' title='bbox 333 1096 409 1116; x_wconf 88' lang='lat' dir='ltr'>cum</span> <span class='ocrx_word' id='word_1_148' title='bbox 428 1092 603 1125; x_wconf 74' lang='lat' dir='ltr'>potestate</span> <span class='ocrx_word' id='word_1_149' title='bbox 620 1086 816 1124; x_wconf 86' lang='lat' dir='ltr'>corrigendi</span> <span class='ocrx_word' id='word_1_150' title='bbox 841 1088 876 1115; x_wconf 85' lang='lat' dir='ltr'>et</span> <span class='ocrx_word' id='word_1_151' title='bbox 900 1086 1067 1125; x_wconf 87' lang='lat' dir='ltr'>puniendi</span> <span class='ocrx_word' id='word_1_152' title='bbox 1093 1086 1311 1116; x_wconf 87' lang='lat' dir='ltr'>subditorum</span> <span class='ocrx_word' id='word_1_153' title='bbox 1337 1087 1534 1116; x_wconf 84' lang='lat' dir='ltr'>nostrorum</span> <span class='ocrx_word' id='word_1_154' title='bbox 1551 1093 1711 1123; x_wconf 84' lang='lat' dir='ltr'>quorum-</span> 
     </span>
     <span class='ocr_line' id='line_1_22' title="bbox 332 1127 1711 1169; baseline -0.002 -10"><span class='ocrx_word' id='word_1_155' title='bbox 332 1140 478 1169; x_wconf 81' lang='lat' dir='ltr'>cumque</span> <span class='ocrx_word' id='word_1_156' title='bbox 493 1129 637 1160; x_wconf 89' lang='lat' dir='ltr'>crimina</span> <span class='ocrx_word' id='word_1_157' title='bbox 651 1133 686 1159; x_wconf 80' lang='lat' dir='ltr'>et</span> <span class='ocrx_word' id='word_1_158' title='bbox 703 1140 864 1160; x_wconf 86' lang='lat' dir='ltr'>excessus</span> <span class='ocrx_word' id='word_1_159' title='bbox 878 1130 1032 1168; x_wconf 78' lang='lat' dir='ltr'>legitime</span> <span class='ocrx_word' id='word_1_160' title='bbox 1047 1130 1224 1169; x_wconf 76' lang='lat' dir='ltr'>deputato,</span> <span class='ocrx_word' id='word_1_161' title='bbox 1235 1130 1271 1159; x_wconf 93' lang='lat' dir='ltr'>in</span> <span class='ocrx_word' id='word_1_162' title='bbox 1286 1129 1439 1160; x_wconf 79' lang='lat' dir='ltr'>Ecclesia</span> <span class='ocrx_word' id='word_1_163' title='bbox 1454 1134 1573 1158; x_wconf 85' lang='lat' dir='ltr'>nostra</span> <span class='ocrx_word' id='word_1_164' title='bbox 1588 1127 1711 1157; x_wconf 86' lang='lat' dir='ltr'>Cathe-</span> 
     </span>
     <span class='ocr_line' id='line_1_23' title="bbox 332 1170 1711 1213; baseline -0.003 -10"><span class='ocrx_word' id='word_1_165' title='bbox 332 1174 419 1204; x_wconf 85' lang='lat' dir='ltr'>drali</span> <span class='ocrx_word' id='word_1_166' title='bbox 446 1174 586 1211; x_wconf 73' lang='lat' dir='ltr'>Exonie⁷</span> <span class='ocrx_word' id='word_1_167' title='bbox 604 1174 716 1213; x_wconf 86' lang='lat' dir='ltr'>primo</span> <span class='ocrx_word' id='word_1_168' title='bbox 741 1174 796 1204; x_wconf 82' lang='lat' dir='ltr'>die</span> <span class='ocrx_word' id='word_1_169' title='bbox 820 1174 976 1204; x_wconf 82' lang='lat' dir='ltr'>Jnridico</span> <span class='ocrx_word' id='word_1_170' title='bbox 993 1178 1070 1213; x_wconf 85' lang='lat' dir='ltr'>post</span> <span class='ocrx_word' id='word_1_171' title='bbox 1090 1175 1233 1205; x_wconf 86' lang='lat' dir='ltr'>Festum</span> <span class='ocrx_word' id='word_1_172' title='bbox 1252 1174 1370 1204; x_wconf 82' lang='lat' dir='ltr'>Sancti</span> <span class='ocrx_word' id='word_1_173' title='bbox 1394 1173 1525 1205; x_wconf 79' lang='lat' dir='ltr'>Jacobi,</span> <span class='ocrx_word' id='word_1_174' title='bbox 1543 1170 1711 1211; x_wconf 72' lang='lat' dir='ltr'>Apostoli,</span> 
     </span>
     <span class='ocr_line' id='line_1_24' title="bbox 332 1215 1712 1258; baseline -0.002 -11"><span class='ocrx_word' id='word_1_175' title='bbox 332 1219 487 1257; x_wconf 80' lang='lat' dir='ltr'>proximo</span> <span class='ocrx_word' id='word_1_176' title='bbox 505 1228 596 1248; x_wconf 90' lang='lat' dir='ltr'>nunc</span> <span class='ocrx_word' id='word_1_177' title='bbox 621 1218 790 1255; x_wconf 77' lang='lat' dir='ltr'>futurum,</span> <span class='ocrx_word' id='word_1_178' title='bbox 809 1228 913 1258; x_wconf 89' lang='lat' dir='ltr'>super</span> <span class='ocrx_word' id='word_1_179' title='bbox 936 1219 1124 1258; x_wconf 78' lang='lat' dir='ltr'>premissiS‚</span> <span class='ocrx_word' id='word_1_180' title='bbox 1142 1227 1176 1249; x_wconf 83' lang='lat' dir='ltr'>et</span> <span class='ocrx_word' id='word_1_181' title='bbox 1201 1229 1241 1249; x_wconf 85' lang='lat' dir='ltr'>ea</span> <span class='ocrx_word' id='word_1_182' title='bbox 1265 1217 1565 1254; x_wconf 87' lang='lat' dir='ltr'>concernentibus,</span> <span class='ocrx_word' id='word_1_183' title='bbox 1582 1215 1712 1245; x_wconf 86' lang='lat' dir='ltr'>eisdem</span> 
     </span>
     <span class='ocr_line' id='line_1_25' title="bbox 332 1260 1712 1302; baseline -0.003 -10"><span class='ocrx_word' id='word_1_184' title='bbox 332 1267 415 1293; x_wconf 87' lang='lat' dir='ltr'>tunc</span> <span class='ocrx_word' id='word_1_185' title='bbox 431 1273 472 1292; x_wconf 84' lang='lat' dir='ltr'>ex</span> <span class='ocrx_word' id='word_1_186' title='bbox 491 1262 610 1293; x_wconf 85' lang='lat' dir='ltr'>Officio</span> <span class='ocrx_word' id='word_1_187' title='bbox 628 1265 757 1300; x_wconf 72' lang='lat' dir='ltr'>nostro,</span> <span class='ocrx_word' id='word_1_188' title='bbox 774 1263 818 1292; x_wconf 86' lang='lat' dir='ltr'>ad</span> <span class='ocrx_word' id='word_1_189' title='bbox 835 1263 1092 1302; x_wconf 86' lang='lat' dir='ltr'>promocionem</span> <span class='ocrx_word' id='word_1_190' title='bbox 1117 1263 1201 1293; x_wconf 85' lang='lat' dir='ltr'>dicti</span> <span class='ocrx_word' id='word_1_191' title='bbox 1227 1262 1365 1293; x_wconf 88' lang='lat' dir='ltr'>Domini</span> <span class='ocrx_word' id='word_1_192' title='bbox 1391 1261 1526 1301; x_wconf 83' lang='lat' dir='ltr'>Rogeri,</span> <span class='ocrx_word' id='word_1_193' title='bbox 1545 1260 1572 1290; x_wconf 88' lang='lat' dir='ltr'>si</span> <span class='ocrx_word' id='word_1_194' title='bbox 1598 1269 1712 1300; x_wconf 86' lang='lat' dir='ltr'>prose-</span> 
     </span>
     <span class='ocr_line' id='line_1_26' title="bbox 331 1305 1711 1346; baseline -0.003 -10"><span class='ocrx_word' id='word_1_195' title='bbox 331 1307 388 1346; x_wconf 72' lang='lat' dir='ltr'>qui</span> <span class='ocrx_word' id='word_1_196' title='bbox 415 1307 577 1344; x_wconf 72' lang='lat' dir='ltr'>volneri&#39;t3</span> <span class='ocrx_word' id='word_1_197' title='bbox 603 1307 765 1346; x_wconf 77' lang='lat' dir='ltr'>alioquin,</span> <span class='ocrx_word' id='word_1_198' title='bbox 791 1317 831 1337; x_wconf 85' lang='lat' dir='ltr'>ex</span> <span class='ocrx_word' id='word_1_199' title='bbox 857 1307 977 1337; x_wconf 87' lang='lat' dir='ltr'>Officio</span> <span class='ocrx_word' id='word_1_200' title='bbox 1001 1310 1121 1337; x_wconf 88' lang='lat' dir='ltr'>nostro</span> <span class='ocrx_word' id='word_1_201' title='bbox 1145 1317 1251 1345; x_wconf 78' lang='lat' dir='ltr'>mero⁷</span> <span class='ocrx_word' id='word_1_202' title='bbox 1269 1307 1312 1337; x_wconf 89' lang='lat' dir='ltr'>ad</span> <span class='ocrx_word' id='word_1_203' title='bbox 1337 1306 1490 1336; x_wconf 82' lang='lat' dir='ltr'>debitam</span> <span class='ocrx_word' id='word_1_204' title='bbox 1515 1305 1711 1334; x_wconf 81' lang='lat' dir='ltr'>animarum</span> 
     </span>
     <span class='ocr_line' id='line_1_27' title="bbox 332 1349 1711 1390; baseline -0.003 -9"><span class='ocrx_word' id='word_1_205' title='bbox 332 1362 471 1381; x_wconf 78' lang='lat' dir='ltr'>suarum</span> <span class='ocrx_word' id='word_1_206' title='bbox 505 1351 770 1387; x_wconf 82' lang='lat' dir='ltr'>correccionem,</span> <span class='ocrx_word' id='word_1_207' title='bbox 796 1351 986 1382; x_wconf 85' lang='lat' dir='ltr'>obiciendis</span> <span class='ocrx_word' id='word_1_208' title='bbox 1010 1357 1044 1381; x_wconf 84' lang='lat' dir='ltr'>et</span> <span class='ocrx_word' id='word_1_209' title='bbox 1070 1351 1292 1390; x_wconf 80' lang='lat' dir='ltr'>exponendis,</span> <span class='ocrx_word' id='word_1_210' title='bbox 1318 1350 1454 1380; x_wconf 81' lang='lat' dir='ltr'>divisim</span> <span class='ocrx_word' id='word_1_211' title='bbox 1480 1349 1635 1388; x_wconf 84' lang='lat' dir='ltr'>legitime</span> <span class='ocrx_word' id='word_1_212' title='bbox 1660 1357 1711 1377; x_wconf 86' lang='lat' dir='ltr'>re-</span> 
     </span>
     <span class='ocr_line' id='line_1_28' title="bbox 332 1391 1711 1435; baseline -0.003 -10"><span class='ocrx_word' id='word_1_213' title='bbox 332 1396 501 1435; x_wconf 80' lang='lat' dir='ltr'>sponsuri,</span> <span class='ocrx_word' id='word_1_214' title='bbox 529 1398 564 1425; x_wconf 80' lang='lat' dir='ltr'>et</span> <span class='ocrx_word' id='word_1_215' title='bbox 595 1395 636 1425; x_wconf 86' lang='lat' dir='ltr'>de</span> <span class='ocrx_word' id='word_1_216' title='bbox 669 1395 818 1425; x_wconf 75' lang='lat' dir='ltr'>veritate</span> <span class='ocrx_word' id='word_1_217' title='bbox 850 1395 1006 1433; x_wconf 83' lang='lat' dir='ltr'>dicenda,</span> <span class='ocrx_word' id='word_1_218' title='bbox 1036 1396 1064 1425; x_wconf 82' lang='lat' dir='ltr'>si</span> <span class='ocrx_word' id='word_1_219' title='bbox 1096 1399 1265 1435; x_wconf 81' lang='lat' dir='ltr'>oporteat,</span> <span class='ocrx_word' id='word_1_220' title='bbox 1298 1394 1528 1434; x_wconf 83' lang='lat' dir='ltr'>personaliter</span> <span class='ocrx_word' id='word_1_221' title='bbox 1551 1391 1711 1433; x_wconf 80' lang='lat' dir='ltr'>juraturi,</span> 
     </span>
     <span class='ocr_line' id='line_1_29' title="bbox 334 1436 1711 1480; baseline -0.003 -11"><span class='ocrx_word' id='word_1_222' title='bbox 334 1440 528 1479; x_wconf 78' lang='lat' dir='ltr'>facturique</span> <span class='ocrx_word' id='word_1_223' title='bbox 546 1439 702 1477; x_wconf 80' lang='lat' dir='ltr'>ulterius,</span> <span class='ocrx_word' id='word_1_224' title='bbox 721 1443 784 1469; x_wconf 87' lang='lat' dir='ltr'>ctc.</span> <span class='ocrx_word' id='word_1_225' title='bbox 834 1440 883 1469; x_wconf 88' lang='lat' dir='ltr'>De</span> <span class='ocrx_word' id='word_1_226' title='bbox 908 1439 973 1475; x_wconf 75' lang='lat' dir='ltr'>die,</span> <span class='ocrx_word' id='word_1_227' title='bbox 992 1450 1082 1476; x_wconf 77' lang='lat' dir='ltr'>vero,</span> <span class='ocrx_word' id='word_1_228' title='bbox 1107 1439 1320 1480; x_wconf 87' lang='lat' dir='ltr'>recepcionis</span> <span class='ocrx_word' id='word_1_229' title='bbox 1344 1438 1578 1474; x_wconf 80' lang='lat' dir='ltr'>Presencium,</span> <span class='ocrx_word' id='word_1_230' title='bbox 1596 1436 1711 1466; x_wconf 88' lang='lat' dir='ltr'>modo-</span> 
     </span>
     <span class='ocr_line' id='line_1_30' title="bbox 331 1481 1713 1524; baseline -0.003 -10"><span class='ocrx_word' id='word_1_231' title='bbox 331 1494 395 1524; x_wconf 78' lang='lat' dir='ltr'>que</span> <span class='ocrx_word' id='word_1_232' title='bbox 428 1488 461 1514; x_wconf 85' lang='lat' dir='ltr'>et</span> <span class='ocrx_word' id='word_1_233' title='bbox 495 1484 607 1513; x_wconf 85' lang='lat' dir='ltr'>forma</span> <span class='ocrx_word' id='word_1_234' title='bbox 640 1484 856 1514; x_wconf 82' lang='lat' dir='ltr'>execucionis</span> <span class='ocrx_word' id='word_1_235' title='bbox 888 1490 1003 1514; x_wconf 81' lang='lat' dir='ltr'>vestre</span> <span class='ocrx_word' id='word_1_236' title='bbox 1035 1484 1069 1513; x_wconf 93' lang='lat' dir='ltr'>in</span> <span class='ocrx_word' id='word_1_237' title='bbox 1103 1484 1167 1514; x_wconf 86' lang='lat' dir='ltr'>hac</span> <span class='ocrx_word' id='word_1_238' title='bbox 1198 1488 1297 1523; x_wconf 82' lang='lat' dir='ltr'>parte</span> <span class='ocrx_word' id='word_1_239' title='bbox 1330 1484 1434 1520; x_wconf 77' lang='lat' dir='ltr'>facte,</span> <span class='ocrx_word' id='word_1_240' title='bbox 1467 1489 1501 1512; x_wconf 83' lang='lat' dir='ltr'>et</span> <span class='ocrx_word' id='word_1_241' title='bbox 1534 1481 1561 1511; x_wconf 84' lang='lat' dir='ltr'>si</span> <span class='ocrx_word' id='word_1_242' title='bbox 1602 1481 1713 1510; x_wconf 86' lang='lat' dir='ltr'>dictos</span> 
     </span>
     <span class='ocr_line' id='line_1_31' title="bbox 334 1524 1712 1567; baseline -0.003 -10"><span class='ocrx_word' id='word_1_243' title='bbox 334 1528 517 1558; x_wconf 80' lang='lat' dir='ltr'>Ricardum</span> <span class='ocrx_word' id='word_1_244' title='bbox 543 1532 575 1558; x_wconf 87' lang='lat' dir='ltr'>et</span> <span class='ocrx_word' id='word_1_245' title='bbox 603 1528 789 1558; x_wconf 85' lang='lat' dir='ltr'>Ricardum</span> <span class='ocrx_word' id='word_1_246' title='bbox 813 1528 1042 1567; x_wconf 83' lang='lat' dir='ltr'>personaliter</span> <span class='ocrx_word' id='word_1_247' title='bbox 1065 1528 1267 1565; x_wconf 68' lang='lat' dir='ltr'>cstaveritis,</span> <span class='ocrx_word' id='word_1_248' title='bbox 1293 1537 1426 1558; x_wconf 82' lang='lat' dir='ltr'>necnon</span> <span class='ocrx_word' id='word_1_249' title='bbox 1452 1526 1534 1566; x_wconf 93' lang='lat' dir='ltr'>quid</span> <span class='ocrx_word' id='word_1_250' title='bbox 1558 1524 1712 1555; x_wconf 83' lang='lat' dir='ltr'>feceritis</span> 
     </span>
     <span class='ocr_line' id='line_1_32' title="bbox 332 1569 1713 1612; baseline -0.004 -10"><span class='ocrx_word' id='word_1_251' title='bbox 332 1573 367 1602; x_wconf 92' lang='lat' dir='ltr'>in</span> <span class='ocrx_word' id='word_1_252' title='bbox 402 1572 590 1612; x_wconf 87' lang='lat' dir='ltr'>premissis,</span> <span class='ocrx_word' id='word_1_253' title='bbox 620 1572 751 1602; x_wconf 86' lang='lat' dir='ltr'>dictum</span> <span class='ocrx_word' id='word_1_254' title='bbox 778 1572 968 1602; x_wconf 77' lang='lat' dir='ltr'>Officialem</span> <span class='ocrx_word' id='word_1_255' title='bbox 995 1582 1055 1603; x_wconf 86' lang='lat' dir='ltr'>sen</span> <span class='ocrx_word' id='word_1_256' title='bbox 1080 1572 1330 1604; x_wconf 81' lang='lat' dir='ltr'>Presidentem.</span> <span class='ocrx_word' id='word_1_257' title='bbox 1359 1570 1568 1610; x_wconf 84' lang='lat' dir='ltr'>supradictis</span> <span class='ocrx_word' id='word_1_258' title='bbox 1601 1569 1655 1598; x_wconf 84' lang='lat' dir='ltr'>die</span> <span class='ocrx_word' id='word_1_259' title='bbox 1680 1574 1713 1598; x_wconf 87' lang='lat' dir='ltr'>et</span> 
     </span>
    </p>
   </div>
   <div class='ocr_carea' id='block_1_6' title="bbox 177 1615 1240 1656">
    <p class='ocr_par' dir='ltr' id='par_1_6' title="bbox 177 1615 1240 1656">
     <span class='ocr_line' id='line_1_33' title="bbox 177 1615 1240 1656; baseline -0.001 -9"><span class='ocrx_word' id='word_1_260' title='bbox 177 1615 220 1641; x_wconf 81' lang='lat' dir='ltr'>sol.</span> <span class='ocrx_word' id='word_1_261' title='bbox 241 1615 314 1642; x_wconf 78' lang='lat' dir='ltr'>140b.</span> <span class='ocrx_word' id='word_1_262' title='bbox 332 1617 415 1654; x_wconf 75' lang='lat' dir='ltr'>loco,</span> <span class='ocrx_word' id='word_1_263' title='bbox 434 1616 643 1654; x_wconf 69' lang='lat' dir='ltr'>certificetis,</span> <span class='ocrx_word' id='word_1_264' title='bbox 661 1617 887 1647; x_wconf 39' lang='lat' dir='ltr'>etc.—⁷l)at·ed</span> <span class='ocrx_word' id='word_1_265' title='bbox 905 1623 941 1646; x_wconf 80' lang='lat' dir='ltr'>at</span> <span class='ocrx_word' id='word_1_266' title='bbox 965 1617 1072 1656; x_wconf 58' lang='lat' dir='ltr'>myst,</span> <span class='ocrx_word' id='word_1_267' title='bbox 1093 1617 1132 1647; x_wconf 82' lang='lat'>12</span> <span class='ocrx_word' id='word_1_268' title='bbox 1148 1617 1240 1656; x_wconf 68' lang='lat' dir='ltr'>July.</span> 
     </span>
    </p>
   </div>
   <div class='ocr_carea' id='block_1_7' title="bbox 285 1683 1711 1782">
    <p class='ocr_par' dir='ltr' id='par_1_7' title="bbox 285 1683 1711 1782">
     <span class='ocr_line' id='line_1_34' title="bbox 285 1683 1711 1738; baseline -0.004 -12"><span class='ocrx_word' id='word_1_269' title='bbox 285 1688 551 1738; x_wconf 77' lang='lat' dir='ltr'>Illegitimacy</span> <span class='ocrx_word' id='word_1_270' title='bbox 569 1700 577 1733; x_wconf 76' lang='lat'><em>3</em></span> <span class='ocrx_word' id='word_1_271' title='bbox 598 1687 855 1735; x_wconf 60' lang='lat' dir='ltr'>Dispensat-io</span> <span class='ocrx_word' id='word_1_272' title='bbox 871 1701 988 1735; x_wconf 66' lang='lat' dir='ltr'>sulm·</span> <span class='ocrx_word' id='word_1_273' title='bbox 1006 1687 1152 1735; x_wconf 54' lang='lat' dir='ltr'>defectu</span> <span class='ocrx_word' id='word_1_274' title='bbox 1174 1683 1711 1733; x_wconf 29' lang='lat' dir='ltr'>natalium&amp;illarrysvess*</span> 
     </span>
     <span class='ocr_line' id='line_1_35' title="bbox 289 1740 1711 1782; baseline -0.002 -9"><span class='ocrx_word' id='word_1_275' title='bbox 289 1744 389 1775; x_wconf 84' lang='lat' dir='ltr'>Item.</span> <span class='ocrx_word' id='word_1_276' title='bbox 409 1742 482 1772; x_wconf 53' lang='lat' dir='ltr'>xvh&gt;</span> <span class='ocrx_word' id='word_1_277' title='bbox 506 1743 561 1773; x_wconf 83' lang='lat' dir='ltr'>(lie</span> <span class='ocrx_word' id='word_1_278' title='bbox 586 1743 716 1772; x_wconf 78' lang='lat' dir='ltr'>niensis</span> <span class='ocrx_word' id='word_1_279' title='bbox 740 1743 834 1774; x_wconf 74' lang='lat' dir='ltr'>Julii.</span> <span class='ocrx_word' id='word_1_280' title='bbox 854 1743 1032 1777; x_wconf 81' lang='lat' dir='ltr'>Dominus,</span> <span class='ocrx_word' id='word_1_281' title='bbox 1058 1743 1092 1772; x_wconf 88' lang='lat' dir='ltr'>in</span> <span class='ocrx_word' id='word_1_282' title='bbox 1119 1743 1259 1782; x_wconf 86' lang='lat' dir='ltr'>(&#39;apella</span> <span class='ocrx_word' id='word_1_283' title='bbox 1287 1742 1432 1772; x_wconf 83' lang='lat' dir='ltr'>Manerii</span> <span class='ocrx_word' id='word_1_284' title='bbox 1458 1741 1509 1771; x_wconf 84' lang='lat' dir='ltr'>sui</span> <span class='ocrx_word' id='word_1_285' title='bbox 1535 1740 1576 1769; x_wconf 90' lang='lat' dir='ltr'>de</span> <span class='ocrx_word' id='word_1_286' title='bbox 1603 1740 1711 1779; x_wconf 66' lang='lat' dir='ltr'>Clyst.</span> 
     </span>
    </p>
   </div>
   <div class='ocr_carea' id='block_1_8' title="bbox 331 1783 1714 2267">
    <p class='ocr_par' dir='ltr' id='par_1_8' title="bbox 331 1783 1714 2267">
     <span class='ocr_line' id='line_1_36' title="bbox 331 1783 1711 1827; baseline -0.001 -12"><span class='ocrx_word' id='word_1_287' title='bbox 331 1787 544 1827; x_wconf 78' lang='lat' dir='ltr'>dispensavit</span> <span class='ocrx_word' id='word_1_288' title='bbox 563 1797 641 1817; x_wconf 88' lang='lat' dir='ltr'>cnm</span> <span class='ocrx_word' id='word_1_289' title='bbox 662 1787 808 1817; x_wconf 86' lang='lat' dir='ltr'>Ricardo</span> <span class='ocrx_word' id='word_1_290' title='bbox 828 1787 1040 1827; x_wconf 68' lang='lat' dir='ltr'>Marryschel</span> <span class='ocrx_word' id='word_1_291' title='bbox 1060 1786 1153 1826; x_wconf 71' lang='lat' dir='ltr'>(sic).</span> <span class='ocrx_word' id='word_1_292' title='bbox 1171 1787 1305 1817; x_wconf 80' lang='lat' dir='ltr'>clerico.</span> <span class='ocrx_word' id='word_1_293' title='bbox 1326 1785 1530 1816; x_wconf 83' lang='lat' dir='ltr'>Exoniensis</span> <span class='ocrx_word' id='word_1_294' title='bbox 1551 1783 1711 1814; x_wconf 77' lang='lat' dir='ltr'>Diocesis.</span> 
     </span>
     <span class='ocr_line' id='line_1_37' title="bbox 331 1828 1712 1871; baseline -0.001 -12"><span class='ocrx_word' id='word_1_295' title='bbox 331 1832 371 1862; x_wconf 86' lang='lat' dir='ltr'>de</span> <span class='ocrx_word' id='word_1_296' title='bbox 389 1831 577 1871; x_wconf 82' lang='lat' dir='ltr'>conjugato</span> <span class='ocrx_word' id='word_1_297' title='bbox 601 1831 720 1870; x_wconf 75' lang='lat' dir='ltr'>genito</span> <span class='ocrx_word' id='word_1_298' title='bbox 737 1838 772 1861; x_wconf 83' lang='lat' dir='ltr'>et</span> <span class='ocrx_word' id='word_1_299' title='bbox 790 1831 903 1861; x_wconf 71' lang='lat' dir='ltr'>soluta</span> <span class='ocrx_word' id='word_1_300' title='bbox 918 1846 924 1868; x_wconf 77' lang='lat'>3</span> <span class='ocrx_word' id='word_1_301' title='bbox 950 1842 1029 1861; x_wconf 87' lang='lat' dir='ltr'>cum</span> <span class='ocrx_word' id='word_1_302' title='bbox 1054 1831 1327 1863; x_wconf 35' lang='lat' dir='ltr'>clausuhnssAc.</span> <span class='ocrx_word' id='word_1_303' title='bbox 1345 1830 1434 1870; x_wconf 71' lang='lat' dir='ltr'>quia„</span> <span class='ocrx_word' id='word_1_304' title='bbox 1454 1829 1561 1859; x_wconf 89' lang='lat' dir='ltr'>tacito</span> <span class='ocrx_word' id='word_1_305' title='bbox 1578 1829 1620 1858; x_wconf 86' lang='lat' dir='ltr'>de</span> <span class='ocrx_word' id='word_1_306' title='bbox 1639 1828 1712 1866; x_wconf 83' lang='lat' dir='ltr'>ipso</span> 
     </span>
     <span class='ocr_line' id='line_1_38' title="bbox 332 1871 1712 1911; baseline -0.004 -5"><span class='ocrx_word' id='word_1_307' title='bbox 332 1876 481 1907; x_wconf 75' lang='lat' dir='ltr'>defectu,</span> <span class='ocrx_word' id='word_1_308' title='bbox 500 1886 535 1906; x_wconf 85' lang='lat' dir='ltr'>se</span> <span class='ocrx_word' id='word_1_309' title='bbox 553 1875 647 1910; x_wconf 74' lang='lat' dir='ltr'>fecit,</span> <span class='ocrx_word' id='word_1_310' title='bbox 665 1875 750 1905; x_wconf 85' lang='lat' dir='ltr'>alias</span> <span class='ocrx_word' id='word_1_311' title='bbox 768 1881 885 1906; x_wconf 86' lang='lat' dir='ltr'>tamen</span> <span class='ocrx_word' id='word_1_312' title='bbox 904 1876 979 1908; x_wconf 81' lang='lat' dir='ltr'>ritc,</span> <span class='ocrx_word' id='word_1_313' title='bbox 998 1876 1147 1906; x_wconf 86' lang='lat' dir='ltr'>clericali</span> <span class='ocrx_word' id='word_1_314' title='bbox 1169 1881 1344 1906; x_wconf 80' lang='lat' dir='ltr'>caractere</span> <span class='ocrx_word' id='word_1_315' title='bbox 1369 1873 1539 1911; x_wconf 65' lang='lat' dir='ltr'>insigniri,</span> <span class='ocrx_word' id='word_1_316' title='bbox 1565 1871 1712 1902; x_wconf 86' lang='lat' dir='ltr'>auctori-</span> 
     </span>
     <span class='ocr_line' id='line_1_39' title="bbox 333 1915 1713 1956; baseline -0.004 -7"><span class='ocrx_word' id='word_1_317' title='bbox 333 1926 404 1949; x_wconf 77' lang='lat' dir='ltr'>tate</span> <span class='ocrx_word' id='word_1_318' title='bbox 424 1920 618 1949; x_wconf 86' lang='lat' dir='ltr'>Literarnm</span> <span class='ocrx_word' id='word_1_319' title='bbox 638 1920 840 1952; x_wconf 82' lang='lat' dir='ltr'>Reverendi.</span> <span class='ocrx_word' id='word_1_320' title='bbox 858 1922 934 1956; x_wconf 70' lang='lat' dir='ltr'>etc,</span> <span class='ocrx_word' id='word_1_321' title='bbox 949 1920 1085 1950; x_wconf 92' lang='lat' dir='ltr'>Domini</span> <span class='ocrx_word' id='word_1_322' title='bbox 1106 1920 1206 1953; x_wconf 79' lang='lat' dir='ltr'>Luce,</span> <span class='ocrx_word' id='word_1_323' title='bbox 1220 1919 1446 1950; x_wconf 86' lang='lat' dir='ltr'>miseracione</span> <span class='ocrx_word' id='word_1_324' title='bbox 1466 1917 1588 1947; x_wconf 80' lang='lat' dir='ltr'>Divina</span> <span class='ocrx_word' id='word_1_325' title='bbox 1607 1915 1713 1946; x_wconf 87' lang='lat' dir='ltr'>Tituli</span> 
     </span>
     <span class='ocr_line' id='line_1_40' title="bbox 334 1960 1713 2002; baseline -0.003 -8"><span class='ocrx_word' id='word_1_326' title='bbox 334 1964 449 1994; x_wconf 59' lang='lat' dir='ltr'>Sancti</span> <span class='ocrx_word' id='word_1_327' title='bbox 470 1964 556 1993; x_wconf 74' lang='lat' dir='ltr'>Sixti</span> <span class='ocrx_word' id='word_1_328' title='bbox 576 1964 762 1993; x_wconf 82' lang='lat' dir='ltr'>Presbiteri</span> <span class='ocrx_word' id='word_1_329' title='bbox 789 1964 994 2001; x_wconf 74' lang='lat' dir='ltr'>Cardinalis‚</span> <span class='ocrx_word' id='word_1_330' title='bbox 1020 1964 1083 1994; x_wconf 83' lang='lat' dir='ltr'>sibi</span> <span class='ocrx_word' id='word_1_331' title='bbox 1110 1964 1145 1993; x_wconf 88' lang='lat' dir='ltr'>in</span> <span class='ocrx_word' id='word_1_332' title='bbox 1168 1964 1232 1994; x_wconf 89' lang='lat' dir='ltr'>hac</span> <span class='ocrx_word' id='word_1_333' title='bbox 1257 1970 1355 2002; x_wconf 79' lang='lat' dir='ltr'>parte</span> <span class='ocrx_word' id='word_1_334' title='bbox 1373 1963 1594 1993; x_wconf 81' lang='lat' dir='ltr'>directarum,</span> <span class='ocrx_word' id='word_1_335' title='bbox 1613 1960 1713 1999; x_wconf 77' lang='lat' dir='ltr'>quod,</span> 
     </span>
     <span class='ocr_line' id='line_1_41' title="bbox 333 2004 1713 2047; baseline 0 -10"><span class='ocrx_word' id='word_1_336' title='bbox 333 2008 558 2047; x_wconf 74' lang='lat' dir='ltr'>premissis-ac</span> <span class='ocrx_word' id='word_1_337' title='bbox 573 2008 647 2046; x_wconf 88' lang='lat' dir='ltr'>ipso</span> <span class='ocrx_word' id='word_1_338' title='bbox 659 2008 799 2038; x_wconf 80' lang='lat' dir='ltr'>defectu</span> <span class='ocrx_word' id='word_1_339' title='bbox 810 2019 879 2038; x_wconf 89' lang='lat' dir='ltr'>non</span> <span class='ocrx_word' id='word_1_340' title='bbox 891 2008 1121 2040; x_wconf 81' lang='lat' dir='ltr'>obstantibus,</span> <span class='ocrx_word' id='word_1_341' title='bbox 1136 2008 1245 2047; x_wconf 81' lang='lat' dir='ltr'>possit</span> <span class='ocrx_word' id='word_1_342' title='bbox 1259 2008 1352 2038; x_wconf 82' lang='lat' dir='ltr'>dicto</span> <span class='ocrx_word' id='word_1_343' title='bbox 1365 2013 1540 2037; x_wconf 86' lang='lat' dir='ltr'>carectere</span> <span class='ocrx_word' id='word_1_344' title='bbox 1555 2005 1633 2042; x_wconf 71' lang='lat' dir='ltr'>(sic)</span> <span class='ocrx_word' id='word_1_345' title='bbox 1653 2004 1713 2037; x_wconf 76' lang='lat' dir='ltr'>uti.</span> 
     </span>
     <span class='ocr_line' id='line_1_42' title="bbox 332 2049 1712 2091; baseline -0.003 -9"><span class='ocrx_word' id='word_1_346' title='bbox 332 2057 364 2081; x_wconf 79' lang='lat' dir='ltr'>ct</span> <span class='ocrx_word' id='word_1_347' title='bbox 384 2052 426 2082; x_wconf 86' lang='lat' dir='ltr'>ad</span> <span class='ocrx_word' id='word_1_348' title='bbox 444 2062 563 2081; x_wconf 82' lang='lat' dir='ltr'>omnes</span> <span class='ocrx_word' id='word_1_349' title='bbox 582 2052 729 2082; x_wconf 89' lang='lat' dir='ltr'>Ordines</span> <span class='ocrx_word' id='word_1_350' title='bbox 745 2053 951 2091; x_wconf 73' lang='lat' dir='ltr'>promoveri,</span> <span class='ocrx_word' id='word_1_351' title='bbox 963 2063 1002 2082; x_wconf 86' lang='lat' dir='ltr'>ac</span> <span class='ocrx_word' id='word_1_352' title='bbox 1018 2053 1229 2083; x_wconf 83' lang='lat' dir='ltr'>Beneficium</span> <span class='ocrx_word' id='word_1_353' title='bbox 1245 2050 1527 2082; x_wconf 80' lang='lat' dir='ltr'>Ecclesiasticum</span> <span class='ocrx_word' id='word_1_354' title='bbox 1545 2049 1712 2088; x_wconf 81' lang='lat' dir='ltr'>optinere,</span> 
     </span>
     <span class='ocr_line' id='line_1_43' title="bbox 333 2092 1714 2134; baseline -0.002 -9"><span class='ocrx_word' id='word_1_355' title='bbox 333 2097 442 2127; x_wconf 72' lang='lat' dir='ltr'>eciam</span> <span class='ocrx_word' id='word_1_356' title='bbox 461 2096 487 2126; x_wconf 83' lang='lat' dir='ltr'>si</span> <span class='ocrx_word' id='word_1_357' title='bbox 507 2106 625 2126; x_wconf 85' lang='lat' dir='ltr'>curam</span> <span class='ocrx_word' id='word_1_358' title='bbox 644 2096 772 2126; x_wconf 83' lang='lat' dir='ltr'>habeat</span> <span class='ocrx_word' id='word_1_359' title='bbox 785 2097 980 2126; x_wconf 86' lang='lat' dir='ltr'>animarum</span> <span class='ocrx_word' id='word_1_360' title='bbox 996 2111 1002 2132; x_wconf 83' lang='lat'>3</span> <span class='ocrx_word' id='word_1_361' title='bbox 1028 2097 1121 2134; x_wconf 73' lang='lat' dir='ltr'>dum,</span> <span class='ocrx_word' id='word_1_362' title='bbox 1133 2104 1262 2130; x_wconf 67' lang='lat' dir='ltr'>tamen,</span> <span class='ocrx_word' id='word_1_363' title='bbox 1277 2106 1312 2126; x_wconf 80' lang='lat' dir='ltr'>sc</span> <span class='ocrx_word' id='word_1_364' title='bbox 1326 2095 1431 2126; x_wconf 84' lang='lat' dir='ltr'>faciat</span> <span class='ocrx_word' id='word_1_365' title='bbox 1447 2093 1589 2125; x_wconf 86' lang='lat' dir='ltr'>statutis</span> <span class='ocrx_word' id='word_1_366' title='bbox 1603 2104 1622 2123; x_wconf 91' lang='lat' dir='ltr'>a</span> <span class='ocrx_word' id='word_1_367' title='bbox 1637 2092 1714 2133; x_wconf 80' lang='lat' dir='ltr'>jure</span> 
     </span>
     <span class='ocr_line' id='line_1_44' title="bbox 333 2136 1713 2181; baseline -0.003 -12"><span class='ocrx_word' id='word_1_368' title='bbox 333 2140 570 2179; x_wconf 56' lang='lat' dir='ltr'>ffbmporibus,</span> <span class='ocrx_word' id='word_1_369' title='bbox 587 2140 686 2179; x_wconf 86' lang='lat' dir='ltr'>juxta</span> <span class='ocrx_word' id='word_1_370' title='bbox 711 2141 819 2180; x_wconf 88' lang='lat' dir='ltr'>ipsius</span> <span class='ocrx_word' id='word_1_371' title='bbox 846 2141 1010 2171; x_wconf 72' lang='lat' dir='ltr'>Beneficii</span> <span class='ocrx_word' id='word_1_372' title='bbox 1035 2141 1250 2181; x_wconf 82' lang='lat' dir='ltr'>exigenciam</span> <span class='ocrx_word' id='word_1_373' title='bbox 1275 2140 1319 2170; x_wconf 88' lang='lat' dir='ltr'>ad</span> <span class='ocrx_word' id='word_1_374' title='bbox 1337 2139 1484 2169; x_wconf 83' lang='lat' dir='ltr'>Ordines</span> <span class='ocrx_word' id='word_1_375' title='bbox 1510 2136 1713 2178; x_wconf 79' lang='lat' dir='ltr'>promoveri.</span> 
     </span>
     <span class='ocr_line' id='line_1_45' title="bbox 333 2181 1713 2228; baseline -0.003 -15"><span class='ocrx_word' id='word_1_376' title='bbox 333 2192 364 2213; x_wconf 85' lang='lat' dir='ltr'>ct</span> <span class='ocrx_word' id='word_1_377' title='bbox 385 2184 614 2224; x_wconf 81' lang='lat' dir='ltr'>personaliter</span> <span class='ocrx_word' id='word_1_378' title='bbox 631 2184 781 2214; x_wconf 84' lang='lat' dir='ltr'>resideat</span> <span class='ocrx_word' id='word_1_379' title='bbox 800 2185 834 2214; x_wconf 90' lang='lat' dir='ltr'>in</span> <span class='ocrx_word' id='word_1_380' title='bbox 852 2185 993 2228; x_wconf 72' lang='lat' dir='ltr'>eodem3</span> <span class='ocrx_word' id='word_1_381' title='bbox 1012 2185 1173 2224; x_wconf 69' lang='lat' dir='ltr'>alioquin,</span> <span class='ocrx_word' id='word_1_382' title='bbox 1192 2191 1268 2221; x_wconf 81' lang='lat' dir='ltr'>etc.,</span> <span class='ocrx_word' id='word_1_383' title='bbox 1286 2184 1385 2223; x_wconf 78' lang='lat' dir='ltr'>juxta</span> <span class='ocrx_word' id='word_1_384' title='bbox 1411 2183 1564 2222; x_wconf 80' lang='lat' dir='ltr'>ipsarum</span> <span class='ocrx_word' id='word_1_385' title='bbox 1584 2181 1713 2210; x_wconf 85' lang='lat' dir='ltr'>Litcra-</span> 
     </span>
     <span class='ocr_line' id='line_1_46' title="bbox 333 2229 1176 2267; baseline 0.001 -10"><span class='ocrx_word' id='word_1_386' title='bbox 333 2239 408 2258; x_wconf 83' lang='lat' dir='ltr'>rum</span> <span class='ocrx_word' id='word_1_387' title='bbox 428 2229 705 2267; x_wconf 79' lang='lat' dir='ltr'>Apostolicarum</span> <span class='ocrx_word' id='word_1_388' title='bbox 724 2229 937 2267; x_wconf 74' lang='lat' dir='ltr'>exigenciam</span> <span class='ocrx_word' id='word_1_389' title='bbox 957 2235 991 2259; x_wconf 85' lang='lat' dir='ltr'>et</span> <span class='ocrx_word' id='word_1_390' title='bbox 1009 2233 1176 2259; x_wconf 84' lang='lat' dir='ltr'>tenorem.</span> 
     </span>
    </p>
   </div>
   <div class='ocr_carea' id='block_1_9' title="bbox 287 2295 1714 2348">
    <p class='ocr_par' dir='ltr' id='par_1_9' title="bbox 287 2295 1714 2348">
     <span class='ocr_line' id='line_1_47' title="bbox 287 2295 1714 2348; baseline -0.003 -14"><span class='ocrx_word' id='word_1_391' title='bbox 287 2299 471 2347; x_wconf 69' lang='lat' dir='ltr'>Glasney,</span> <span class='ocrx_word' id='word_1_392' title='bbox 495 2298 562 2335; x_wconf 82' lang='lat' dir='ltr'>the</span> <span class='ocrx_word' id='word_1_393' title='bbox 584 2298 801 2348; x_wconf 78' lang='lat' dir='ltr'>Collegiate</span> <span class='ocrx_word' id='word_1_394' title='bbox 825 2299 985 2336; x_wconf 79' lang='lat' dir='ltr'>Cliurcli</span> <span class='ocrx_word' id='word_1_395' title='bbox 1015 2299 1057 2336; x_wconf 81' lang='lat' dir='ltr'>of</span> <span class='ocrx_word' id='word_1_396' title='bbox 1071 2313 1080 2345; x_wconf 75' lang='lat'><em>3</em></span> <span class='ocrx_word' id='word_1_397' title='bbox 1110 2298 1328 2343; x_wconf 67' lang='lat' dir='ltr'>Absolueiu,</span> <span class='ocrx_word' id='word_1_398' title='bbox 1351 2304 1383 2334; x_wconf 71' lang='lat' dir='ltr'>et</span> <span class='ocrx_word' id='word_1_399' title='bbox 1414 2295 1624 2334; x_wconf 41' lang='lat' dir='ltr'>Rolnam-50</span> <span class='ocrx_word' id='word_1_400' title='bbox 1654 2295 1714 2331; x_wconf 66' lang='lat' dir='ltr'>Sc-</span> 
     </span>
    </p>
   </div>
   <div class='ocr_carea' id='block_1_10' title="bbox 342 2352 555 2401">
    <p class='ocr_par' dir='ltr' id='par_1_10' title="bbox 342 2352 555 2401">
     <span class='ocr_line' id='line_1_48' title="bbox 342 2352 555 2401; baseline 0 -13"><span class='ocrx_word' id='word_1_401' title='bbox 342 2352 555 2401; x_wconf 56' lang='lat' dir='ltr'>ques-tri,—</span> 
     </span>
    </p>
   </div>
   <div class='ocr_carea' id='block_1_11' title="bbox 294 2405 1713 2445">
    <p class='ocr_par' dir='ltr' id='par_1_11' title="bbox 294 2405 1713 2445">
     <span class='ocr_line' id='line_1_49' title="bbox 294 2405 1713 2445; baseline -0.001 -8"><span class='ocrx_word' id='word_1_402' title='bbox 294 2408 504 2441; x_wconf 70' lang='lat' dir='ltr'>Reverendo,</span> <span class='ocrx_word' id='word_1_403' title='bbox 523 2415 598 2445; x_wconf 64' lang='lat' dir='ltr'>cto,</span> <span class='ocrx_word' id='word_1_404' title='bbox 627 2408 773 2438; x_wconf 88' lang='lat' dir='ltr'>Domino</span> <span class='ocrx_word' id='word_1_405' title='bbox 802 2408 941 2445; x_wconf 74' lang='lat' dir='ltr'>Thome,</span> <span class='ocrx_word' id='word_1_406' title='bbox 967 2414 1042 2443; x_wconf 69' lang='lat' dir='ltr'>ctc.v</span> <span class='ocrx_word' id='word_1_407' title='bbox 1069 2409 1253 2438; x_wconf 73' lang='lat' dir='ltr'>Cosmatus</span> <span class='ocrx_word' id='word_1_408' title='bbox 1280 2407 1439 2443; x_wconf 48' lang='lat' dir='ltr'>(lentim,</span> <span class='ocrx_word' id='word_1_409' title='bbox 1469 2406 1510 2435; x_wconf 87' lang='lat' dir='ltr'>dc</span> <span class='ocrx_word' id='word_1_410' title='bbox 1541 2405 1713 2435; x_wconf 72' lang='lat' dir='ltr'>Sulmone.</span> 
     </span>
    </p>
   </div>
   <div class='ocr_carea' id='block_1_12' title="bbox 337 2448 1716 2930">
    <p class='ocr_par' dir='ltr' id='par_1_12' title="bbox 337 2448 1716 2930">
     <span class='ocr_line' id='line_1_50' title="bbox 341 2448 1715 2491; baseline -0.003 -10"><span class='ocrx_word' id='word_1_411' title='bbox 341 2452 562 2481; x_wconf 84' lang='lat' dir='ltr'>Decretorum</span> <span class='ocrx_word' id='word_1_412' title='bbox 585 2453 719 2484; x_wconf 83' lang='lat' dir='ltr'>Doctor,</span> <span class='ocrx_word' id='word_1_413' title='bbox 734 2458 809 2484; x_wconf 86' lang='lat' dir='ltr'>etc..</span> <span class='ocrx_word' id='word_1_414' title='bbox 824 2453 921 2482; x_wconf 68' lang='lat' dir='ltr'>Sedis</span> <span class='ocrx_word' id='word_1_415' title='bbox 932 2453 957 2481; x_wconf 69' lang='lat' dir='ltr'>A</span> <span class='ocrx_word' id='word_1_416' title='bbox 966 2453 1130 2491; x_wconf 79' lang='lat' dir='ltr'>postolicc</span> <span class='ocrx_word' id='word_1_417' title='bbox 1148 2454 1183 2482; x_wconf 87' lang='lat' dir='ltr'>et</span> <span class='ocrx_word' id='word_1_418' title='bbox 1200 2452 1344 2482; x_wconf 78' lang='lat' dir='ltr'>Camere</span> <span class='ocrx_word' id='word_1_419' title='bbox 1363 2451 1519 2481; x_wconf 62' lang='lat' dir='ltr'>Nune-ius</span> <span class='ocrx_word' id='word_1_420' title='bbox 1536 2450 1570 2479; x_wconf 92' lang='lat' dir='ltr'>in</span> <span class='ocrx_word' id='word_1_421' title='bbox 1589 2448 1715 2487; x_wconf 68' lang='lat' dir='ltr'>Anglia</span> 
     </span>
     <span class='ocr_line' id='line_1_51' title="bbox 337 2492 1713 2535; baseline -0.002 -10"><span class='ocrx_word' id='word_1_422' title='bbox 337 2502 367 2525; x_wconf 79' lang='lat' dir='ltr'>et</span> <span class='ocrx_word' id='word_1_423' title='bbox 391 2496 570 2528; x_wconf 66' lang='lat' dir='ltr'>Collector.</span> <span class='ocrx_word' id='word_1_424' title='bbox 590 2497 741 2535; x_wconf 85' lang='lat' dir='ltr'>seipsum</span> <span class='ocrx_word' id='word_1_425' title='bbox 759 2507 836 2526; x_wconf 88' lang='lat' dir='ltr'>cum</span> <span class='ocrx_word' id='word_1_426' title='bbox 856 2497 1055 2526; x_wconf 80' lang='lat' dir='ltr'>reverencia</span> <span class='ocrx_word' id='word_1_427' title='bbox 1072 2500 1107 2527; x_wconf 83' lang='lat' dir='ltr'>et</span> <span class='ocrx_word' id='word_1_428' title='bbox 1134 2496 1263 2526; x_wconf 83' lang='lat' dir='ltr'>honore</span> <span class='ocrx_word' id='word_1_429' title='bbox 1288 2495 1415 2525; x_wconf 83' lang='lat' dir='ltr'>debitis</span> <span class='ocrx_word' id='word_1_430' title='bbox 1439 2499 1538 2524; x_wconf 87' lang='lat' dir='ltr'>tanto</span> <span class='ocrx_word' id='word_1_431' title='bbox 1564 2492 1713 2523; x_wconf 21' lang='lat' dir='ltr'>Patri?</span> 
     </span>
     <span class='ocr_line' id='line_1_52' title="bbox 338 2536 1713 2579; baseline -0.004 -10"><span class='ocrx_word' id='word_1_432' title='bbox 338 2540 422 2569; x_wconf 67' lang='lat' dir='ltr'>Cum</span> <span class='ocrx_word' id='word_1_433' title='bbox 439 2550 501 2569; x_wconf 85' lang='lat' dir='ltr'>nos</span> <span class='ocrx_word' id='word_1_434' title='bbox 517 2540 707 2570; x_wconf 82' lang='lat' dir='ltr'>discretum</span> <span class='ocrx_word' id='word_1_435' title='bbox 723 2540 844 2575; x_wconf 69' lang='lat' dir='ltr'>virum,</span> <span class='ocrx_word' id='word_1_436' title='bbox 860 2541 1046 2570; x_wconf 89' lang='lat' dir='ltr'>Dominum</span> <span class='ocrx_word' id='word_1_437' title='bbox 1064 2540 1257 2570; x_wconf 75' lang='lat' dir='ltr'>Johannem</span> <span class='ocrx_word' id='word_1_438' title='bbox 1273 2540 1429 2579; x_wconf 69' lang='lat' dir='ltr'>Menhyr,</span> <span class='ocrx_word' id='word_1_439' title='bbox 1444 2536 1713 2568; x_wconf 85' lang='lat' dir='ltr'>Prebendarium</span> 
     </span>
     <span class='ocr_line' id='line_1_53' title="bbox 340 2579 1716 2623; baseline -0.004 -10"><span class='ocrx_word' id='word_1_440' title='bbox 340 2584 515 2613; x_wconf 78' lang='lat' dir='ltr'>Prebcntle</span> <span class='ocrx_word' id='word_1_441' title='bbox 540 2585 573 2613; x_wconf 92' lang='lat' dir='ltr'>in</span> <span class='ocrx_word' id='word_1_442' title='bbox 604 2584 753 2614; x_wconf 75' lang='lat' dir='ltr'>Ecclesia</span> <span class='ocrx_word' id='word_1_443' title='bbox 781 2584 972 2623; x_wconf 75' lang='lat' dir='ltr'>Collegiata</span> <span class='ocrx_word' id='word_1_444' title='bbox 999 2585 1116 2615; x_wconf 69' lang='lat' dir='ltr'>Sancti</span> <span class='ocrx_word' id='word_1_445' title='bbox 1135 2584 1265 2614; x_wconf 71' lang='lat' dir='ltr'>&#39;rhome</span> <span class='ocrx_word' id='word_1_446' title='bbox 1284 2584 1466 2622; x_wconf 70' lang='lat' dir='ltr'>Glasneyc‚</span> <span class='ocrx_word' id='word_1_447' title='bbox 1484 2592 1599 2612; x_wconf 85' lang='lat' dir='ltr'>coram</span> <span class='ocrx_word' id='word_1_448' title='bbox 1618 2579 1716 2610; x_wconf 64' lang='lat' dir='ltr'>nobis</span> 
     </span>
     <span class='ocr_line' id='line_1_54' title="bbox 339 2624 1714 2667; baseline -0.004 -10"><span class='ocrx_word' id='word_1_449' title='bbox 339 2635 608 2666; x_wconf 75' lang='lat' dir='ltr'>comparentem,</span> <span class='ocrx_word' id='word_1_450' title='bbox 623 2638 641 2658; x_wconf 90' lang='lat' dir='ltr'>a</span> <span class='ocrx_word' id='word_1_451' title='bbox 659 2628 800 2667; x_wconf 82' lang='lat' dir='ltr'>Majoris</span> <span class='ocrx_word' id='word_1_452' title='bbox 821 2628 1199 2658; x_wconf 79' lang='lat' dir='ltr'>Excommunicacionis</span> <span class='ocrx_word' id='word_1_453' title='bbox 1218 2628 1401 2657; x_wconf 71' lang='lat' dir='ltr'>Sentencia</span> <span class='ocrx_word' id='word_1_454' title='bbox 1417 2627 1560 2665; x_wconf 84' lang='lat' dir='ltr'>aliisque</span> <span class='ocrx_word' id='word_1_455' title='bbox 1578 2624 1714 2664; x_wconf 85' lang='lat' dir='ltr'>quibus-</span> 
     </span>
     <span class='ocr_line' id='line_1_55' title="bbox 339 2668 1714 2711; baseline -0.004 -10"><span class='ocrx_word' id='word_1_456' title='bbox 339 2682 484 2711; x_wconf 72' lang='lat' dir='ltr'>cumque</span> <span class='ocrx_word' id='word_1_457' title='bbox 497 2672 670 2708; x_wconf 59' lang='lat' dir='ltr'>sensuris⁷</span> <span class='ocrx_word' id='word_1_458' title='bbox 685 2673 711 2701; x_wconf 78' lang='lat' dir='ltr'>si</span> <span class='ocrx_word' id='word_1_459' title='bbox 730 2683 815 2711; x_wconf 70' lang='lat' dir='ltr'>quas</span> <span class='ocrx_word' id='word_1_460' title='bbox 829 2679 969 2711; x_wconf 86' lang='lat' dir='ltr'>propter</span> <span class='ocrx_word' id='word_1_461' title='bbox 986 2683 1065 2703; x_wconf 83' lang='lat' dir='ltr'>suas</span> <span class='ocrx_word' id='word_1_462' title='bbox 1083 2672 1319 2702; x_wconf 82' lang='lat' dir='ltr'>contumacias</span> <span class='ocrx_word' id='word_1_463' title='bbox 1337 2671 1370 2700; x_wconf 93' lang='lat' dir='ltr'>in</span> <span class='ocrx_word' id='word_1_464' title='bbox 1390 2681 1456 2700; x_wconf 90' lang='lat' dir='ltr'>non</span> <span class='ocrx_word' id='word_1_465' title='bbox 1474 2668 1714 2707; x_wconf 71' lang='lat' dir='ltr'>comparendo,</span> 
     </span>
     <span class='ocr_line' id='line_1_56' title="bbox 339 2712 1713 2755; baseline -0.001 -12"><span class='ocrx_word' id='word_1_466' title='bbox 339 2722 371 2744; x_wconf 69' lang='lat' dir='ltr'>vt</span> <span class='ocrx_word' id='word_1_467' title='bbox 392 2716 579 2753; x_wconf 82' lang='lat' dir='ltr'>primorum</span> <span class='ocrx_word' id='word_1_468' title='bbox 601 2717 775 2746; x_wconf 72' lang='lat' dir='ltr'>fructuum</span> <span class='ocrx_word' id='word_1_469' title='bbox 805 2717 983 2745; x_wconf 76' lang='lat' dir='ltr'>l&#39;rcbcndc</span> <span class='ocrx_word' id='word_1_470' title='bbox 1009 2727 1068 2745; x_wconf 77' lang='lat' dir='ltr'>sue</span> <span class='ocrx_word' id='word_1_471' title='bbox 1094 2716 1247 2755; x_wconf 82' lang='lat' dir='ltr'>predicte</span> <span class='ocrx_word' id='word_1_472' title='bbox 1266 2715 1473 2745; x_wconf 76' lang='lat' dir='ltr'>solucionem</span> <span class='ocrx_word' id='word_1_473' title='bbox 1494 2712 1713 2743; x_wconf 82' lang='lat' dir='ltr'>retardando.</span> 
     </span>
     <span class='ocr_line' id='line_1_57' title="bbox 341 2755 1714 2799; baseline -0.001 -11"><span class='ocrx_word' id='word_1_474' title='bbox 341 2759 547 2789; x_wconf 81' lang='lat' dir='ltr'>incurrebat.</span> <span class='ocrx_word' id='word_1_475' title='bbox 561 2760 811 2789; x_wconf 75' lang='lat' dir='ltr'>absolverimus</span> <span class='ocrx_word' id='word_1_476' title='bbox 830 2761 861 2789; x_wconf 89' lang='lat' dir='ltr'>in</span> <span class='ocrx_word' id='word_1_477' title='bbox 881 2760 1055 2799; x_wconf 82' lang='lat' dir='ltr'>propriam</span> <span class='ocrx_word' id='word_1_478' title='bbox 1075 2770 1256 2799; x_wconf 82' lang='lat' dir='ltr'>personam</span> <span class='ocrx_word' id='word_1_479' title='bbox 1276 2759 1338 2789; x_wconf 89' lang='lat' dir='ltr'>snb</span> <span class='ocrx_word' id='word_1_480' title='bbox 1356 2758 1471 2788; x_wconf 78' lang='lat' dir='ltr'>debita</span> <span class='ocrx_word' id='word_1_481' title='bbox 1490 2758 1602 2786; x_wconf 78' lang='lat' dir='ltr'>forma</span> <span class='ocrx_word' id='word_1_482' title='bbox 1617 2755 1714 2796; x_wconf 73' lang='lat' dir='ltr'>juris.</span> 
     </span>
     <span class='ocr_line' id='line_1_58' title="bbox 341 2799 1713 2842; baseline -0.002 -11"><span class='ocrx_word' id='word_1_483' title='bbox 341 2804 632 2842; x_wconf 64' lang='lat' dir='ltr'>chiwstrumquc</span> <span class='ocrx_word' id='word_1_484' title='bbox 666 2804 698 2833; x_wconf 87' lang='lat' dir='ltr'>in</span> <span class='ocrx_word' id='word_1_485' title='bbox 732 2804 904 2833; x_wconf 79' lang='lat' dir='ltr'>fructibus</span> <span class='ocrx_word' id='word_1_486' title='bbox 937 2804 1071 2842; x_wconf 81' lang='lat' dir='ltr'>prefate</span> <span class='ocrx_word' id='word_1_487' title='bbox 1112 2803 1299 2837; x_wconf 74' lang='lat' dir='ltr'>Prebendc,</span> <span class='ocrx_word' id='word_1_488' title='bbox 1325 2801 1532 2831; x_wconf 71' lang='lat' dir='ltr'>auctoritate</span> <span class='ocrx_word' id='word_1_489' title='bbox 1558 2799 1713 2830; x_wconf 83' lang='lat' dir='ltr'>Mandati</span> 
     </span>
     <span class='ocr_line' id='line_1_59' title="bbox 341 2843 1714 2887; baseline -0.002 -13"><span class='ocrx_word' id='word_1_490' title='bbox 341 2847 458 2877; x_wconf 80' lang='lat' dir='ltr'>nostri.</span> <span class='ocrx_word' id='word_1_491' title='bbox 477 2857 594 2886; x_wconf 64' lang='lat' dir='ltr'>ymmo</span> <span class='ocrx_word' id='word_1_492' title='bbox 612 2847 725 2877; x_wconf 82' lang='lat' dir='ltr'>verius</span> <span class='ocrx_word' id='word_1_493' title='bbox 743 2848 941 2887; x_wconf 78' lang='lat' dir='ltr'>Apostolici,</span> <span class='ocrx_word' id='word_1_494' title='bbox 960 2854 1074 2877; x_wconf 80' lang='lat' dir='ltr'>vestre</span> <span class='ocrx_word' id='word_1_495' title='bbox 1099 2847 1307 2877; x_wconf 81' lang='lat' dir='ltr'>Paternitati</span> <span class='ocrx_word' id='word_1_496' title='bbox 1334 2846 1367 2875; x_wconf 85' lang='lat' dir='ltr'>in</span> <span class='ocrx_word' id='word_1_497' title='bbox 1393 2856 1433 2875; x_wconf 86' lang='lat' dir='ltr'>ea</span> <span class='ocrx_word' id='word_1_498' title='bbox 1458 2848 1555 2883; x_wconf 79' lang='lat' dir='ltr'>parte</span> <span class='ocrx_word' id='word_1_499' title='bbox 1581 2843 1714 2879; x_wconf 73' lang='lat' dir='ltr'>directi,</span> 
     </span>
     <span class='ocr_line' id='line_1_60' title="bbox 339 2887 1714 2930; baseline -0.002 -11"><span class='ocrx_word' id='word_1_500' title='bbox 339 2890 518 2920; x_wconf 84' lang='lat' dir='ltr'>occasione</span> <span class='ocrx_word' id='word_1_501' title='bbox 551 2891 718 2929; x_wconf 84' lang='lat' dir='ltr'>premissa</span> <span class='ocrx_word' id='word_1_502' title='bbox 758 2892 1012 2930; x_wconf 80' lang='lat' dir='ltr'>interpositum,</span> <span class='ocrx_word' id='word_1_503' title='bbox 1046 2891 1334 2927; x_wconf 70' lang='lat' dir='ltr'>relaxaverimus3</span> <span class='ocrx_word' id='word_1_504' title='bbox 1375 2889 1480 2926; x_wconf 76' lang='lat' dir='ltr'>vobis,</span> <span class='ocrx_word' id='word_1_505' title='bbox 1515 2887 1714 2918; x_wconf 78' lang='lat' dir='ltr'>Reverendo</span> 
     </span>
    </p>
   </div>
  </div>
 </body>
</html>
