1907 3212
452 323 738 357 neeis‘rRUM
775 322 1232 357 COMMUNE—ANNO
1276 309 1368 354 21⁰.
1580 312 1674 356 713

138 422 214 448 AD·
252 426 294 455 In
310 425 370 456 the
387 436 547 457 common
563 427 732 466 form,—“
744 428 779 457 in
796 437 863 467 quo
879 427 1047 457 nominati
1066 429 1148 456 sunt
1159 427 1370 456 Executores
1384 426 1543 455 Warinus
1558 426 1678 457 Lerce·

140 457 239 515 {23⁰⁴}
296 470 408 500 dekne
425 473 460 500 et
478 472 625 502 Michael
642 472 861 502 Lercedekne
874 471 891 483 ’'
913 470 1037 511 (myst,
1055 470 1096 503 27
1113 469 1222 508 Jan.).

143 533 216 592 {gfff
252 533 505 572 Restitution
539 535 580 572 of
610 536 866 580 Muniments,
903 539 1006 581 etc.;
1042 536 1276 572 illaudatum
1307 542 1440 572 contra
1473 536 1678 573 detentores

144 608 219 626 mus,
308 588 516 626 Cartarum
539 591 614 627 sive
635 590 963 627 Munimentorum
984 590 1222 638 tanyencv'um
1238 588 1485 627 hereditatem
1501 589 1679 627 heredum

307 642 471 680 Domini
490 644 527 680 J.
551 644 788 688 Stra-che,—

254 697 417 728 Directed
433 700 469 728 to
486 698 546 728 the
564 699 661 729 Dean
677 698 714 729 of
729 698 954 739 Ayllesbeare
971 698 1040 728 and
1064 701 1099 727 to
1123 698 1168 727 all
1186 697 1333 727 Curates
1357 697 1392 727 in
1410 698 1488 727 that
1506 699 1676 737 Deanery.

298 741 395 782 They
412 752 503 772 were
520 745 556 772 to
573 743 751 773 denounce
769 753 806 773 as
823 742 1145 773 excommunicated
1169 741 1268 772 those
1286 741 1364 772 who
1388 741 1457 772 had
1481 741 1594 772 seized
1618 741 1678 772 the

298 794 403 823 same,
421 786 489 816 and
507 786 647 817 refused
664 789 700 817 to
717 789 849 818 restore
867 786 965 817 them
986 784 1112 826 (Clystv,
1129 786 1148 815 3
1168 784 1280 825 Feb).

143 838 222 898 {Ollgb-
257 838 406 877 Exeter
435 839 678 886 Cathedra13
713 841 964 889 Indzdgyencz'a
983 853 1054 889 pro
1074 840 1245 877 Ecclesia
1276 839 1504 878 Cathedralc'
1535 840 1676 877 Exoni-

311 907 458 939 ensa,—

257 947 418 986 Thomas,
435 952 512 987 etc.‚
529 949 675 979 officiali
692 952 811 979 nostro
828 948 1015 988 Principali
1039 958 1079 979 ac
1107 949 1218 979 nostri
1244 948 1450 979 Consistorii
1475 949 1680 979 Exoniensis

302 993 518 1030 Presidenti3
543 1004 688 1031 necnon,
705 993 969 1024 Archidiaconis
993 993 1131 1031 nostris,
1149 996 1225 1031 etc,
1243 1003 1431 1032 eorumque
1457 993 1680 1030 officialibus,

302 1037 507 1067 Rectoribus
533 1035 605 1077 [et]
631 1037 780 1068 Vicariis
804 1037 1048 1075 Ecclesiarum,
1074 1038 1224 1067 Decanis
1252 1037 1447 1075 Ruralibus,
1474 1037 1682 1068 Presbiteris

302 1081 572 1119 Parochialibus,
590 1092 630 1112 ac
647 1082 756 1112 eciam
774 1082 908 1112 clericis
925 1084 960 1111 et
976 1081 1074 1111 laicis
1090 1091 1152 1120 per
1172 1083 1327 1111 nostram
1346 1081 1519 1112 Diocesim
1536 1081 1681 1112 ubilibet

302 1126 511 1164 constitutis,
551 1126 711 1164 salutem,
750 1126 971 1156 ete—Decet
1006 1126 1185 1156 universos
1218 1126 1348 1156 Christi
1380 1125 1499 1156 fideles
1531 1126 1680 1156 Domum

303 1169 442 1199 Domini
461 1169 635 1208 Sanctam,
652 1170 815 1200 videlicet
840 1170 1041 1205 Ecclesiam,
1061 1169 1209 1200 Matrem
1234 1180 1343 1207 suam,
1362 1170 1490 1200 talibus
1510 1170 1681 1200 honorare

303 1213 515 1252 dignitatum
532 1214 701 1253 insigniis,
713 1214 892 1253 ipsamque
905 1214 992 1244 alias
1008 1214 1208 1244 uberiorum
1219 1214 1431 1253 premiorum
1448 1214 1682 1245 retribucione

303 1258 474 1297 prosequi,
492 1267 555 1298 per
571 1268 636 1297 que
653 1258 756 1288 decor
779 1258 889 1297 ipsius
913 1260 947 1288 et
972 1258 1083 1295 gloria
1107 1258 1221 1297 dignis
1245 1259 1360 1288 valeat
1385 1258 1683 1288 suscrescentibus

303 1301 479 1332 beneficiis
510 1302 680 1342 ampliari,
712 1305 757 1339 et,
788 1302 1032 1342 impendentes
1063 1302 1107 1332 ad
1138 1302 1202 1332 hoc
1231 1312 1290 1332 sue
1322 1302 1563 1333 munificencie
1592 1303 1683 1333 dona

304 1346 459 1384 gratuita
475 1348 594 1376 eterne
618 1346 799 1376 felicitatis
815 1346 988 1386 premium
1013 1346 1159 1377 celerius
1184 1346 1346 1386 consequi
1371 1350 1581 1377 mereantur.
1628 1347 1682 1376 Ad

303 1389 377 1428 hec,
394 1390 521 1429 itaque,
539 1390 829 1421 consideracionis
845 1390 1013 1420 intuitum
1033 1390 1156 1420 intime
1181 1390 1381 1429 dirigentes,
1400 1393 1434 1421 et
1459 1391 1683 1421 advertentes

302 1434 412 1464 eciam
444 1436 479 1464 et
507 1437 591 1474 quot
622 1437 657 1464 et
688 1437 820 1474 quanta
852 1435 1159 1473 Indulgenciarum
1191 1436 1226 1464 et
1257 1435 1404 1465 aliorum
1436 1435 1681 1465 beneficiorum

302 1487 448 1508 munera
464 1479 631 1518 graciosa,
648 1481 721 1508 tam
738 1488 759 1508 a
777 1478 914 1509 Sanctis
933 1479 1098 1508 Romanis
1120 1479 1349 1509 Pontificibus
1372 1489 1477 1518 quam
1501 1479 1544 1509 ab
1560 1479 1682 1509 Archi-

302 1522 483 1562 episcopis‚
500 1525 535 1553 et
553 1523 732 1562 Episcopis
750 1523 881 1553 Exonie
898 1523 1205 1553 Predecessoribus
1221 1523 1360 1561 nostris,
1374 1524 1535 1553 omnibus
1553 1523 1683 1553 Christi

303 1566 462 1597 fidelibus
478 1567 535 1606 qui
554 1567 745 1597 Ecclesiam
771 1570 927 1597 nostram
946 1567 1191 1597 Cathedralem
1217 1567 1458 1605 Exoniensem²
1475 1577 1541 1607 que
1565 1570 1683 1597 vestra

304 1610 415 1640 Mater
422 1613 476 1641 est
488 1614 523 1641 et
535 1612 705 1650 Magistra
717 1611 871 1641 omnium
884 1611 1118 1642 Ecclesiarum
1132 1614 1250 1641 nostre
1264 1612 1428 1649 Diocesis,
1440 1612 1476 1641 in
1490 1611 1682 1642 subsidium

302 1654 434 1685 fabrice
447 1655 605 1695 ejusdem
620 1656 783 1693 Ecclesie,
797 1658 831 1685 et
842 1655 886 1685 ad
899 1655 1058 1685 decorem
1070 1658 1103 1685 e't
1115 1655 1262 1693 gloriam
1276 1655 1394 1695 ipsius,
1407 1656 1451 1686 ad
1464 1656 1603 1686 laudem
1615 1656 1682 1686 No-

302 1698 406 1729 minis
429 1699 538 1729 Jhesu
556 1699 697 1737 Christi,
715 1700 785 1729 suis
798 1702 1011 1730 venerantur
1028 1699 1062 1729 in
1079 1700 1331 1730 munificenciis
1349 1700 1524 1739 graciosis,
1543 1700 1682 1740 aliquod

303 1743 344 1773 de
368 1742 468 1773 bonis
493 1744 557 1774 sibi
582 1753 602 1773 a
627 1744 698 1774 Deo
716 1744 851 1774 collatis
875 1743 1028 1774 notabile
1046 1744 1257 1774 conferendo
1275 1744 1398 1782 eidem,
1415 1744 1584 1774 hactenus
1602 1747 1683 1774 sunt

303 1796 483 1824 concessa3
500 1797 595 1827 quas,
607 1788 757 1827 quidem,
772 1788 1019 1827 Indulgencias
1032 1790 1067 1818 ct
1084 1788 1152 1817 alia
1165 1788 1342 1826 beneficia,
1356 1798 1418 1827 per
1431 1798 1530 1818 veras
1543 1788 1684 1819 cedulas

303 1841 323 1861 a
346 1831 472 1861 Literis
493 1832 694 1871 hujusmodi
720 1832 1027 1871 Indulgenciarum
1053 1834 1088 1861 et
1112 1832 1358 1862 beneficiorum
1384 1832 1571 1872 participes
1595 1832 1683 1863 effici

302 1875 506 1905 mereamini
520 1879 554 1905 et
571 1878 748 1906 consortes
761 1890 767 1913 3
785 1886 856 1914 vos,
871 1876 1060 1905 Officialem
1079 1878 1237 1905 nostrum
1251 1878 1286 1906 et
1300 1876 1541 1906 Presidentem
1554 1887 1682 1907 memo-

303 1921 407 1956 ratos,
417 1921 456 1949 ut
467 1919 502 1948 in
511 1919 723 1950 Consistorio
737 1922 866 1957 nostro,
876 1930 1004 1959 vosque
1016 1920 1289 1950 Archidiaconos
1301 1923 1502 1960 vestrosque
1512 1920 1684 1951 Officiales

304 1963 389 1993 utin
400 1963 525 1993 vestris
537 1963 707 2003 Capitulis
718 1967 752 1994 et
764 1963 1115 2003 Congregacionibus,
1127 1963 1265 2003 prefata
1276 1964 1522 2004 Indulgencias
1533 1967 1567 1995 et
1581 1965 1683 1995 bene-

306 2006 393 2044 ficia,
407 2007 465 2045 sic,
483 2010 521 2036 ut
540 2008 765 2047 premittitur,
777 2008 860 2038 data
876 2011 911 2037 et
928 2017 1101 2045 concessa,
1116 2018 1195 2038 cum
1208 2018 1270 2047 per
1282 2009 1421 2039 eosdem
1436 2009 1683 2040 Procuratores

305 2061 366 2081 seu
376 2050 531 2081 Nuncios
541 2052 679 2082 fueritis
691 2052 858 2091 requisiti,
869 2051 1096 2083 favorabilius
1109 2062 1176 2092 quo
1188 2053 1349 2092 poteritis
1359 2053 1554 2092 publicetis,
1564 2056 1684 2084 tenore

303 2095 525 2126 Presencium
559 2105 750 2134 monemus,
782 2096 1000 2136 requirimus,
1032 2098 1068 2126 et
1098 2096 1281 2126 hortamur
1319 2097 1355 2127 in
1388 2097 1536 2127 Domino
1574 2098 1683 2128 Jhesu

304 2139 464 2176 Christo;
489 2140 655 2178 volentes
672 2140 793 2178 eciam,
811 2140 902 2180 quod
919 2150 979 2170 vos
997 2140 1171 2173 Rectores,
1188 2140 1329 2178 Vicarii,
1347 2151 1407 2171 seu
1424 2143 1530 2171 vestri
1550 2142 1682 2172 Presbi-

304 2183 370 2214 teri
398 2183 627 2221 Parochiales,
654 2185 799 2223 copiam,
827 2185 898 2214 sive
929 2186 1200 2223 transumptum,
1233 2188 1431 2215 nostrarum
1464 2187 1682 2225 presencium

306 2228 501 2257 Literarum
528 2228 570 2257 ad
600 2238 660 2257 vos
686 2229 841 2267 capiatis,
867 2232 901 2258 ot
930 2229 965 2258 in
991 2229 1154 2259 Ecclesiis
1179 2229 1303 2268 quibus
1327 2230 1486 2268 preestis‚
1512 2241 1580 2260 una
1603 2241 1682 2261 cum

304 2272 446 2309 cedulis,
471 2282 536 2311 que
563 2272 659 2302 vobis
685 2273 721 2302 in
745 2282 786 2302 ca
809 2276 908 2312 parte
932 2283 994 2311 per
1017 2273 1171 2312 prefatos
1196 2273 1444 2304 Procuratores
1469 2278 1503 2304 et
1530 2275 1683 2305 Nuncios

304 2316 444 2345 liberari
461 2316 658 2354 contigerit,
676 2316 872 2354 dimittatis,
884 2317 927 2346 ad
945 2317 1148 2346 memoriam
1163 2317 1361 2347 futurorum
1380 2321 1415 2348 et
1431 2319 1475 2348 ad
1492 2319 1682 2358 pleniorem

304 2360 591 2390 informacionem
609 2360 827 2390 subditorum
845 2364 880 2391 et
901 2360 1191 2400 parochianorum
1209 2365 1415 2400 vestrorum,
1433 2372 1535 2402 quam
1555 2373 1682 2393 memo-

304 2404 390 2434 ratis
408 2404 557 2434 subditis
574 2405 698 2435 vestris
716 2408 750 2434 et
768 2405 987 2444 parochianis
1005 2405 1160 2444 singulis,
1180 2406 1309 2435 Diebus
1335 2407 1525 2437 Dominicis
1543 2413 1577 2437 et
1604 2408 1682 2437 Fes-

304 2448 385 2478 tivis
402 2458 464 2487 per
481 2448 800 2487 Quaclragesimam,
819 2452 854 2479 et
871 2459 979 2488 usquc
996 2449 1040 2479 ad
1065 2450 1215 2479 Octabas
1242 2450 1382 2483 Pasche.
1400 2451 1547 2489 singulis
1572 2452 1682 2489 annis,

304 2501 411 2531 usque
435 2492 479 2521 ad
503 2493 842 2522 consummacionem
863 2493 953 2523 dicte
972 2493 1116 2524 Fabrice
1133 2498 1167 2524 et
1187 2494 1337 2524 Claustri
1355 2495 1468 2524 eidem
1488 2496 1624 2533 annexi,
1643 2506 1682 2527 ac

305 2535 509 2566 refeccionis
525 2536 736 2573 corumdem,
748 2537 872 2567 melius
889 2540 923 2567 et
940 2536 1166 2568 favorabilius
1183 2548 1249 2577 quo
1265 2539 1435 2577 poteritis,
1453 2549 1515 2578 per
1531 2549 1592 2569 vos
1609 2541 1681 2570 ficri

304 2580 514 2619 precipimus
531 2584 565 2610 ct
583 2581 808 2617 mandamu83
832 2581 909 2611 aliis
933 2582 1153 2620 questorilms
1177 2582 1450 2622 quibuscumque
1475 2593 1536 2622 pro
1561 2584 1682 2614 eodem

305 2629 460 2663 tempore
477 2624 694 2654 cessantibus
711 2625 754 2654 ab
771 2625 881 2655 officio
898 2635 960 2664 per
982 2635 1216 2666 quascumque
1234 2626 1480 2665 Indulgeneias
1505 2628 1538 2657 in
1565 2630 1685 2658 nostra

306 2668 441 2698 Diocesi
459 2668 677 2707 questuandi.
724 2669 804 2707 Vos,
821 2669 941 2707 eciam,
959 2679 1078 2699 omnes
1095 2673 1129 2700 et
1147 2670 1312 2709 singulos,
1330 2671 1386 2710 qui
1409 2671 1444 2700 in
1471 2671 1683 2702 Sacerdotali

305 2712 434 2742 Ordine
461 2712 599 2742 fueritis
627 2713 820 2750 constituti,
846 2713 1054 2753 requirimus
1078 2716 1113 2744 et
1137 2724 1301 2753 rogamus
1318 2714 1482 2754 quatinus
1507 2715 1543 2746 iu
1568 2716 1684 2746 Missis

305 2766 391 2795 quas
407 2756 582 2786 celebrare
598 2766 658 2786 vos
683 2757 879 2796 eontigerit,
896 2760 931 2787 et
955 2758 1174 2788 oracionibus
1198 2759 1334 2796 vestris,
1352 2759 1555 2789 memoriam
1581 2759 1682 2790 bene-

304 2800 479 2830 factorum
493 2800 635 2830 Fabrice
649 2800 802 2831 Ecclesie
820 2804 937 2831 nostre
955 2801 1091 2841 prefate
1105 2805 1140 2832 et
1152 2802 1303 2833 Claustri
1322 2802 1469 2842 predicti
1487 2803 1685 2843 specialiter

303 2844 473 2882 habeatis,
487 2847 522 2874 et
539 2844 684 2883 singulis
701 2844 831 2875 Diebus
847 2845 1049 2884 Dominicis,
1062 2846 1154 2876 inter
1170 2856 1290 2886 preces
1306 2856 1508 2878 communes
1524 2848 1684 2886 usitatas,

306 2892 407 2929 prout
425 2887 594 2919 hactenus
611 2888 685 2919 fieri
702 2889 892 2928 consuevit,
908 2898 970 2930 pro
994 2888 1277 2921 benefactoribus
1300 2890 1500 2933 hujusmodi
1525 2891 1687 2923 similiter
