1907 3212
162 427 195 452 A.
202 427 238 453 D.

162 461 278 487 1389-90.

166 493 225 519 Vol.
238 494 261 519 I.

165 604 211 630 fol.
227 604 302 630 203b.

479 324 767 360 REGISTRUM
809 321 1025 358 COMMUN
1033 321 1266 355 E-ANNO
1303 309 1399 354 20⁰.
1603 306 1697 351 693

319 429 523 461 Parochiam
556 429 648 460 dicte
684 427 836 460 Ecclesie
871 427 1011 466 situata,
1043 425 1170 457 Divina
1203 424 1430 461 celebrantes,
1462 422 1595 453 nullam
1626 420 1699 452 ani-

319 484 456 505 marum
483 483 601 504 curam
631 473 812 510 habentes,
840 482 919 503 suos
945 470 1113 502 terminos
1140 469 1357 506 excedentes,
1384 477 1423 498 ac
1448 467 1576 497 falcem
1600 475 1698 496 suam

320 518 356 548 in
383 528 533 549 messem
560 518 709 548 alienam
741 517 927 547 indiscrete
959 515 1138 545 inmittere
1165 524 1235 544 non
1265 514 1438 549 verentes,
1471 511 1699 541 Sacramenta

320 562 443 593 alienis
459 561 679 602 parochianis
696 560 907 595 Penitencie,
922 559 1130 595 Eukaristie,
1148 560 1183 588 et
1194 556 1383 588 Unccionis
1401 556 1564 586 Extreme
1580 553 1699 584 minis-

319 609 424 644 trare,
438 617 477 637 ac
492 605 714 636 Matrimonia
727 605 818 635 inter
831 604 969 634 eosdem
984 602 1244 642 solempnizare,
1255 603 1290 632 et
1300 600 1485 640 presertim
1496 599 1531 629 in
1545 597 1700 629 Ecclesia

320 650 362 681 de
380 650 580 681 Tounstalle
600 653 635 680 et
661 649 802 688 Capella
825 648 867 678 de
892 647 1142 678 Dertemouthe
1165 645 1342 685 predictis,
1358 655 1428 674 non
1452 643 1572 674 habita
1597 652 1701 682 super

320 695 388 724 hiis
413 695 533 725 Curati
559 694 640 724 Loci
663 698 724 723 aut
748 692 937 723 Presbiteri
962 690 1175 721 Pal-ochialis
1200 689 1361 720 Licencia
1386 687 1535 728 speciali,
1561 686 1700 726 absque,

320 739 441 775 eciam,
458 740 632 778 potestate
650 747 864 777 quacumque
884 735 1051 775 legitima,
1068 735 1238 764 hactenus
1254 736 1386 763 temere
1403 732 1700 772 presumpserunt,

321 783 357 813 in
382 793 522 813 suarum
547 781 678 822 grande
703 780 922 820 dispendium
947 779 1143 810 animarum
1169 781 1203 808 et
1227 777 1314 817 juris
1340 776 1444 807 alieni
1468 774 1700 815 prejudicium

321 827 558 857 manifestum.
618 826 795 863 Nolentes,
824 825 943 864 igitur,
970 823 1151 863 premissa,
1180 822 1283 852 sicuti
1309 831 1372 851 nec
1397 820 1590 859 poterimus
1618 828 1702 849 sana

321 871 546 908 consciencia,
561 870 695 900 diucius
707 869 866 903 tolerare,
880 868 987 905 vobis,
1001 866 1233 898 communiter
1245 871 1279 896 et
1293 865 1442 902 divisim,
1454 866 1530 901 etc,
1544 863 1701 893 commit-

321 916 428 945 timus
445 922 479 945 et
497 914 654 945 districte
670 913 891 953 precipiendo
915 912 1122 942 mandamus
1139 910 1302 950 quatinus
1319 909 1517 945 inhibeatis,
1534 908 1649 947 palam
1668 913 1703 936 et

322 969 494 999 expresse,
511 969 554 989 ne
571 958 646 997 quis
665 957 847 996 Regularis
863 956 918 986 vel
937 955 1110 986 Secularis
1127 954 1275 984 subditis
1292 953 1422 984 nostris
1439 953 1522 983 dicti
1548 952 1702 982 Decana-

323 1006 379 1034 tus
396 1003 679 1043 quibuscumque,
697 1005 731 1031 et
747 1000 932 1040 presertim
951 999 1104 1030 Ecclesie
1128 1002 1162 1029 et
1181 998 1319 1037 Capelle
1343 997 1578 1037 predictarum
1604 1005 1702 1035 paro-

323 1047 466 1085 chianis,
493 1046 694 1087 hujusmodi
727 1045 954 1075 Sacramenta
981 1043 1192 1080 Penitencie,
1220 1041 1429 1079 Eukaristie,
1455 1043 1490 1071 et
1514 1039 1704 1071 Unccionis

326 1092 488 1121 Extreme
521 1093 709 1130 presumat,
740 1089 776 1119 in
809 1089 945 1120 casibus
977 1098 998 1117 a
1027 1088 1104 1127 jure
1135 1097 1204 1116 non
1229 1085 1418 1125 permissis,
1447 1083 1705 1124 quomodolibet

323 1136 533 1171 ministrare,
545 1145 585 1165 ac
602 1133 827 1165 Matrimonia
843 1133 935 1162 inter
951 1132 1090 1162 eosdem
1109 1130 1368 1170 solempnizare,
1382 1140 1450 1160 non
1468 1129 1588 1159 habita
1602 1137 1706 1167 super

322 1180 389 1209 hiis
415 1179 533 1209 Curati
560 1179 728 1208 Locorum
753 1180 813 1207 aut
838 1176 1023 1216 presbiteri
1048 1174 1261 1205 Parochialis
1285 1174 1431 1204 licencia
1461 1172 1612 1213 speciali,
1637 1171 1704 1202 nisi

323 1223 543 1253 Auctoritate
563 1222 660 1252 Sedis
678 1221 887 1261 Apostolice‚
905 1223 965 1250 aut
982 1222 1111 1257 nostra,
1129 1219 1284 1257 legitime
1308 1217 1496 1254 fulciatur-3
1521 1217 1563 1247 de
1580 1216 1705 1256 quibus

324 1278 440 1298 coram
458 1266 659 1307 hujusmodi
676 1266 846 1296 Locorum
860 1264 998 1294 Curatis
1009 1264 1190 1294 evidenter
1201 1263 1383 1293 ostendere
1400 1264 1606 1298 teneantur3
1632 1270 1704 1291 eos-

324 1312 480 1351 demque,
498 1321 632 1341 necnon
647 1309 804 1340 subditos
821 1312 957 1338 nostros
968 1317 1211 1348 quoscumque,
1228 1307 1352 1346 primo,
1370 1306 1532 1344 secundo,
1549 1307 1584 1335 et
1597 1304 1706 1335 tercio

323 1366 364 1386 ao
389 1355 555 1395 legitime,
583 1355 618 1384 in
647 1364 773 1393 genere
800 1352 972 1383 moneatis
998 1362 1041 1382 ne
1068 1351 1258 1390 Regulares
1286 1351 1341 1381 vel
1370 1350 1550 1380 Seculares
1577 1348 1705 1388 prefati

324 1399 524 1440 hujusmodi
543 1400 767 1429 Sacramenta
784 1397 939 1436 prebere,
957 1399 1017 1426 aut
1043 1396 1173 1426 subditi
1196 1395 1307 1425 nostri
1333 1395 1455 1424 eadem
1479 1394 1523 1423 ab
1547 1393 1630 1432 ipsis
1654 1402 1705 1422 re-

326 1444 450 1484 cipere,
468 1443 535 1473 nisi
554 1453 657 1482 super
673 1442 738 1472 1100
755 1441 941 1480 Privilegio
966 1444 1025 1470 aut
1051 1439 1211 1470 Licencia
1235 1449 1296 1469 seu
1319 1438 1550 1475 Auctoritate‚
1568 1439 1607 1467 ut
1631 1447 1705 1476 pre-

323 1488 448 1526 fertur,
474 1487 601 1518 muniti
633 1487 796 1523 existant,
825 1486 866 1515 de
898 1485 1023 1524 quibus
1054 1484 1177 1514 docere
1209 1485 1384 1519 tenentur,
1409 1485 1448 1512 ut
1480 1481 1706 1521 premittitur,

325 1533 477 1562 audeant
501 1531 737 1572 quovismodo,
764 1529 826 1560 sub
852 1529 995 1569 Majoris
1020 1527 1402 1558 Excommunicacionis
1426 1537 1525 1566 pena,
1543 1536 1645 1566 quam
1671 1525 1706 1554 111

325 1587 445 1607 01111105
462 1579 496 1606 et
515 1575 668 1615 singulos
686 1575 721 1604 in
738 1574 916 1614 premissis
934 1573 1175 1612 delinquentes
1192 1582 1252 1602 seu
1269 1570 1574 1601 contravenientes
1590 1569 1624 1599 in
1643 1569 1707 1599 1130

324 1624 434 1660 parte,
463 1621 574 1660 culpa,
602 1629 708 1655 mora,
734 1622 769 1648 et
798 1619 930 1648 offensa
958 1627 1077 1647 00111111
1106 1616 1384 1656 precedentibus,
1411 1615 1504 1645 dicta
1533 1613 1708 1644 Canonica

327 1665 521 1695 Monicione
538 1663 718 1704 premissa,
735 1672 892 1702 pronunc
909 1667 943 1691 et
961 1664 1088 1691 extunc
1104 1661 1252 1690 ferimus
1268 1660 1305 1689 in
1321 1659 1388 1689 hiis
1407 1658 1553 1698 Scriptis
1568 1672 1574 1695 ;
1600 1658 1707 1688 Abso-

324 1709 496 1739 lucionem
515 1708 670 1738 omnium
693 1710 728 1737 et
745 1706 961 1746 singulorum
979 1705 1013 1735 in
1031 1705 1209 1745 premissis
1226 1704 1505 1743 delinquencium
1530 1702 1629 1732 nobis
1653 1712 1708 1731 cx-

325 1763 442 1792 presse
459 1755 494 1783 et
512 1751 708 1792 specialiter
723 1755 952 1787 reservantes,
971 1749 1197 1779 etc.—Dated
1219 1751 1254 1778 at
1273 1747 1479 1786 Chudleigrh,
1498 1748 1514 1777 1
1534 1746 1666 1776 March.

280 1806 483 1851 Crediton,
515 1805 583 1842 the
613 1805 830 1854 Collegiate
862 1803 1019 1840 Church
1055 1802 1096 1839 of
1113 1815 1122 1848 3
1152 1801 1418 1850 &questo-acio
1439 1801 1484 1837 iu
1514 1799 1623 1837 bouis
1652 1800 1711 1836 de-

322 1859 474 1909 suncti,
493 1865 653 1908 propfer
673 1859 850 1894 timorem
870 1856 1192 1905 dilapidacionis,
1215 1869 1287 1904 que
1316 1855 1362 1891 iu
1391 1869 1488 1891 'usus
1516 1853 1711 1902 reparaci-

335 1914 422 1950 (mis
437 1913 658 1961 defectuum
677 1913 882 1949 domorum
898 1910 1263 1947 Ecclesiamicarmn
1278 1915 1371 1945 sunt
1387 1908 1710 1952 com-arcenda,-

285 1969 445 2006 Thomas,
463 1973 539 2005 etc,
557 1967 756 1998 Preccntori
775 1965 928 1996 Ecclesie
945 1968 1062 1996 nostre
1080 1965 1270 2004 Collegiate
1295 1965 1422 1995 Sancte
1441 1963 1562 1994 Crucis
1579 1963 1711 2003 Crydy-

329 2014 434 2050 tonie,
452 2023 491 2043 ac
510 2012 678 2049 Magistro
696 2011 831 2050 Rogero
854 2011 960 2050 Payn,
985 2009 1141 2049 ejusdem
1167 2009 1320 2039 Ecclesie
1346 2008 1542 2045 Canonic03
1566 2017 1711 2045 necnon,

330 2058 469 2087 Decano
494 2060 610 2086 nostre
636 2055 824 2086 Peculiaris
847 2053 1110 2084 Jurisdiccionis
1134 2053 1291 2093 ejusdem
1316 2052 1407 2090 Loci,
1425 2053 1584 2090 salutem,
1602 2054 1713 2082 etc.—

330 2102 415 2131 Cum
436 2101 588 2130 virorum
608 2099 929 2130 Ecclesiasticorum
946 2098 1158 2128 Secularium
1174 2098 1209 2127 in
1222 2097 1372 2127 Civitate
1386 2099 1420 2127 ct
1436 2096 1570 2127 Diocesi
1584 2096 1713 2126 nostris

329 2145 615 2175 beneficiatorum
631 2153 925 2183 quorumcumque
939 2142 1252 2179 Testamentorum,
1268 2141 1296 2172 si
1309 2151 1374 2181 que
1389 2140 1712 2178 condiderintdnsi-

331 2189 453 2219 nuacio
464 2192 499 2219 et
513 2187 746 2227 Approlmcim
765 2187 803 2225 si,
814 2197 906 2224 vero,
919 2186 961 2216 ab
974 2186 1142 2216 intestato
1156 2185 1378 2222 decesserint,
1388 2185 1558 2215 bonorum
1572 2194 1712 2214 suorum

331 2233 511 2264 mobilium
530 2231 801 2262 Administracio
818 2231 860 2261 ad
878 2241 951 2268 nos,
969 2231 1010 2261 de
1030 2230 1288 2260 Consuetudine
1304 2229 1469 2260 laudabili
1490 2229 1712 2267 legitimeque

332 2277 533 2317 prescripta,
552 2276 778 2306 dinoscantur
799 2275 934 2305 notorie
950 2274 1137 2314 pertinere.
1150 2275 1261 2313 sitque
1276 2274 1405 2304 nostris
1423 2273 1565 2303 auribus
1575 2272 1714 2302 noviter

332 2322 533 2352 nunciatum
564 2320 771 2359 Magistrum
797 2319 992 2349 <Iohannem
1026 2318 1232 2358 Uppehulle,
1266 2318 1480 2348 canonicum
1513 2317 1595 2347 dum
1627 2316 1713 2346 vixit

333 2366 485 2396 Ecclesie
502 2368 619 2395 nostre
632 2364 822 2400 Collegiate
840 2363 994 2402 predicte
1012 2372 1051 2392 ac
1069 2362 1342 2392 Prehendarium
1355 2362 1533 2392 Prehende
1551 2362 1592 2391 de
1606 2361 1713 2391 51011*-

332 2410 430 2439 forde
449 2409 482 2438 in
503 2409 634 2445 eadem,
657 2408 760 2437 sortis
784 2407 935 2437 humane
960 2407 1115 2437 debitum
1140 2407 1366 2446 persolvisse3
1392 2416 1434 2435 nc
1459 2405 1549 2435 bona
1573 2405 1715 2435 mobilia

334 2453 579 2483 Ecclesiastica
603 2462 668 2492 que
693 2451 851 2491 prefatus
874 2451 1043 2489 Magister
1069 2450 1246 2481 ,Iohannes
1273 2451 1307 2480 in
1337 2450 1487 2480 Civitate
1514 2453 1549 2479 et
1578 2449 1713 2479 Diocesi

334 2497 462 2527 nostris
476 2497 641 2536 predictis
667 2497 828 2526 decessus
845 2495 896 2525 sui
912 2501 1067 2534 tempore
1085 2494 1276 2534 optinebat,
1301 2504 1365 2534 que
1390 2494 1425 2523 in
1443 2503 1526 2523 usus
1543 2493 1713 2533 reparaci-

333 2552 436 2571 onum
451 2541 651 2571 defectuum
663 2540 698 2570 in
710 2539 870 2569 domibus
886 2542 920 2569 ct
939 2539 1107 2569 clausuris
1120 2539 1163 2568 ad
1182 2539 1435 2569 Canonicatum
1449 2545 1484 2567 et
1498 2537 1713 2567 Probondam

333 2586 506 2625 predictos
523 2584 779 2624 pertinentibus
796 2583 930 2613 notorie
949 2583 1221 2620 imminencium,
1239 2592 1278 2612 ac
1295 2592 1439 2612 onerum
1458 2581 1562 2612 Chori
1579 2581 1715 2621 prefate

335 2630 486 2660 Ecclesie
505 2629 704 2667 Collegiate,
719 2637 783 2667 que
801 2627 882 2657 dum
896 2627 981 2656 vixit
997 2627 1198 2656 nullatenus
1216 2626 1317 2656 sicuti
1331 2626 1527 2663 tenebatur,
1541 2628 1579 2655 ut
1593 2625 1714 2655 asseri-

334 2677 400 2709 tur,
420 2673 657 2713 supportabat,
675 2672 791 2702 forent
809 2671 850 2701 de
869 2671 946 2711 jure
963 2670 1207 2709 convertenda,
1224 2670 1448 2709 dissipentur,
1466 2679 1525 2699 seu
1544 2679 1563 2699 a
1581 2669 1714 2699 Diocesi

333 2721 453 2748 nostra
478 2724 607 2747 temere
632 2720 907 2751 ammoveantur‚
933 2715 974 2745 de
997 2715 1121 2754 quibus
1145 2714 1383 2744 verisimiliter
1408 2713 1647 2751 formidamus,
1677 2723 1716 2743 ac

334 2773 375 2793 ex
389 2762 466 2792 aliis
483 2761 596 2791 causis
612 2760 780 2799 legitimis
796 2769 858 2789 1105
876 2759 918 2789 ad
937 2759 970 2788 id
988 2759 1218 2795 moventibus,
1231 2759 1319 2788 bona
1338 2758 1499 2787 universa
1517 2760 1551 2788 et
1569 2757 1716 2796 singula,

333 2807 369 2836 in
386 2815 681 2846 quorumcumque
699 2803 869 2841 manibus,
887 2802 979 2833 infra
996 2805 1134 2833 nostras
1153 2802 1339 2832 Civitatem
1357 2809 1391 2832 et
1410 2801 1592 2839 Diocesim,
1606 2801 1716 2831 eciam

334 2851 370 2881 in
386 2850 586 2881 nominibus
610 2849 817 2885 debitorum,
842 2847 1032 2877 existencia
1056 2846 1273 2886 ubicumque,
1291 2855 1355 2886 que
1373 2846 1457 2876 dicti
1479 2845 1637 2885 Magistri
1659 2845 1715 2875 Jo-

334 2894 460 2926 hannis
470 2897 626 2933 tempore
637 2893 688 2923 sui
700 2892 816 2923 obitus
827 2891 1029 2929 extiterunt,
1041 2890 1202 2921 duximus
1213 2890 1474 2930 sequestranda,
1483 2892 1586 2930 prout
1598 2893 1717 2920 tenore
