<?xml version="1.0" encoding="UTF-8"?>
<!DOCTYPE html PUBLIC "-//W3C//DTD XHTML 1.0 Transitional//EN"
    "http://www.w3.org/TR/xhtml1/DTD/xhtml1-transitional.dtd">
<html xmlns="http://www.w3.org/1999/xhtml" xml:lang="en" lang="en">
 <head>
  <title>
</title>
<meta http-equiv="Content-Type" content="text/html;charset=utf-8" />
  <meta name='ocr-system' content='tesseract 3.04.00' />
  <meta name='ocr-capabilities' content='ocr_page ocr_carea ocr_par ocr_line ocrx_word'/>
</head>
<body>
  <div class='ocr_page' id='page_1' title='image "./registerofthomas02cathuoft_0198.png"; bbox 0 0 1907 3212; ppageno 0'>
   <div class='ocr_carea' id='block_1_1' title="bbox 195 279 288 326">
    <p class='ocr_par' dir='ltr' id='par_1_1' title="bbox 195 279 288 326">
     <span class='ocr_line' id='line_1_1' title="bbox 195 279 288 326; baseline 0 -1"><span class='ocrx_word' id='word_1_1' title='bbox 195 279 288 326; x_wconf 81' lang='lat'>718</span> 
     </span>
    </p>
   </div>
   <div class='ocr_carea' id='block_1_2' title="bbox 194 393 296 486">
    <p class='ocr_par' dir='ltr' id='par_1_2' title="bbox 194 393 296 486">
     <span class='ocr_line' id='line_1_2' title="bbox 194 393 268 418; baseline 0 0"><span class='ocrx_word' id='word_1_2' title='bbox 194 393 268 418; x_wconf 80' lang='lat' dir='ltr'>A.D.</span> 
     </span>
     <span class='ocr_line' id='line_1_3' title="bbox 194 428 296 452; baseline 0.01 -1"><span class='ocrx_word' id='word_1_3' title='bbox 194 428 296 452; x_wconf 76' lang='lat'>1300-1.</span> 
     </span>
     <span class='ocr_line' id='line_1_4' title="bbox 194 460 295 486; baseline 0.01 -2"><span class='ocrx_word' id='word_1_4' title='bbox 194 460 255 486; x_wconf 85' lang='lat' dir='ltr'>Vol.</span> <span class='ocrx_word' id='word_1_5' title='bbox 274 461 295 486; x_wconf 89' lang='lat'>1.</span> 
     </span>
    </p>
   </div>
   <div class='ocr_carea' id='block_1_3' title="bbox 189 1278 327 1305">
    <p class='ocr_par' dir='ltr' id='par_1_3' title="bbox 189 1278 327 1305">
     <span class='ocr_line' id='line_1_5' title="bbox 189 1278 327 1305; baseline 0 -1"><span class='ocrx_word' id='word_1_6' title='bbox 189 1278 236 1304; x_wconf 80' lang='lat' dir='ltr'>sol.</span> <span class='ocrx_word' id='word_1_7' title='bbox 251 1279 327 1305; x_wconf 80' lang='lat' dir='ltr'>218b.</span> 
     </span>
    </p>
   </div>
   <div class='ocr_carea' id='block_1_4' title="bbox 415 295 1532 331">
    <p class='ocr_par' dir='ltr' id='par_1_4' title="bbox 415 295 1532 331">
     <span class='ocr_line' id='line_1_6' title="bbox 415 295 1532 331; baseline 0.004 -4"><span class='ocrx_word' id='word_1_8' title='bbox 415 295 514 328; x_wconf 77' lang='lat' dir='ltr'>THE</span> <span class='ocrx_word' id='word_1_9' title='bbox 549 295 790 328; x_wconf 82' lang='lat' dir='ltr'><strong>REGISTER</strong></span> <span class='ocrx_word' id='word_1_10' title='bbox 823 295 884 328; x_wconf 81' lang='lat' dir='ltr'>OF</span> <span class='ocrx_word' id='word_1_11' title='bbox 919 295 1096 328; x_wconf 89' lang='lat' dir='ltr'>BISHOP</span> <span class='ocrx_word' id='word_1_12' title='bbox 1131 296 1532 331; x_wconf 84' lang='lat' dir='ltr'><strong>BRANTYNGHAM.</strong></span> 
     </span>
    </p>
   </div>
   <div class='ocr_carea' id='block_1_5' title="bbox 341 398 1742 2915">
    <p class='ocr_par' dir='ltr' id='par_1_5' title="bbox 341 398 1742 2915">
     <span class='ocr_line' id='line_1_7' title="bbox 350 398 1732 436; baseline 0.004 -9"><span class='ocrx_word' id='word_1_13' title='bbox 350 399 509 428; x_wconf 86' lang='lat' dir='ltr'>nostrum</span> <span class='ocrx_word' id='word_1_14' title='bbox 526 400 610 428; x_wconf 88' lang='lat' dir='ltr'>tunc</span> <span class='ocrx_word' id='word_1_15' title='bbox 634 400 921 436; x_wconf 84' lang='lat' dir='ltr'>ammotum,-—et</span> <span class='ocrx_word' id='word_1_16' title='bbox 937 398 1200 430; x_wconf 84' lang='lat' dir='ltr'>exhabundanti</span> <span class='ocrx_word' id='word_1_17' title='bbox 1223 402 1344 431; x_wconf 87' lang='lat' dir='ltr'>tenore</span> <span class='ocrx_word' id='word_1_18' title='bbox 1361 401 1585 432; x_wconf 87' lang='lat' dir='ltr'>Presencium</span> <span class='ocrx_word' id='word_1_19' title='bbox 1603 411 1732 432; x_wconf 90' lang='lat' dir='ltr'>ammo-</span> 
     </span>
     <span class='ocr_line' id='line_1_8' title="bbox 351 442 1734 485; baseline 0.004 -14"><span class='ocrx_word' id='word_1_20' title='bbox 351 443 571 479; x_wconf 79' lang='lat' dir='ltr'>vemus‚—ad</span> <span class='ocrx_word' id='word_1_21' title='bbox 588 442 768 482; x_wconf 83' lang='lat' dir='ltr'>premissa,</span> <span class='ocrx_word' id='word_1_22' title='bbox 781 446 843 473; x_wconf 88' lang='lat' dir='ltr'>aut</span> <span class='ocrx_word' id='word_1_23' title='bbox 859 443 998 483; x_wconf 82' lang='lat' dir='ltr'>aliquod</span> <span class='ocrx_word' id='word_1_24' title='bbox 1014 444 1274 483; x_wconf 83' lang='lat' dir='ltr'>premissorum,</span> <span class='ocrx_word' id='word_1_25' title='bbox 1287 445 1516 485; x_wconf 78' lang='lat' dir='ltr'><strong>imposterum</strong></span> <span class='ocrx_word' id='word_1_26' title='bbox 1532 446 1734 476; x_wconf 86' lang='lat' dir='ltr'>nullatenus</span> 
     </span>
     <span class='ocr_line' id='line_1_9' title="bbox 351 486 1731 529; baseline 0.004 -14"><span class='ocrx_word' id='word_1_27' title='bbox 351 486 557 523; x_wconf 75' lang='lat' dir='ltr'>admittatis,</span> <span class='ocrx_word' id='word_1_28' title='bbox 587 496 647 517; x_wconf 92' lang='lat' dir='ltr'>seu</span> <span class='ocrx_word' id='word_1_29' title='bbox 675 487 741 517; x_wconf 89' lang='lat' dir='ltr'>sibi</span> <span class='ocrx_word' id='word_1_30' title='bbox 766 487 808 517; x_wconf 88' lang='lat' dir='ltr'>de</span> <span class='ocrx_word' id='word_1_31' title='bbox 837 487 937 517; x_wconf 91' lang='lat' dir='ltr'>bonis</span> <span class='ocrx_word' id='word_1_32' title='bbox 965 488 1049 518; x_wconf 83' lang='lat' dir='ltr'>dicti</span> <span class='ocrx_word' id='word_1_33' title='bbox 1076 488 1289 527; x_wconf 88' lang='lat' dir='ltr'>Monasterii,</span> <span class='ocrx_word' id='word_1_34' title='bbox 1317 489 1353 519; x_wconf 92' lang='lat' dir='ltr'>in</span> <span class='ocrx_word' id='word_1_35' title='bbox 1378 499 1485 529; x_wconf 74' lang='lat' dir='ltr'>grave</span> <span class='ocrx_word' id='word_1_36' title='bbox 1511 490 1731 529; x_wconf 81' lang='lat' dir='ltr'>dispendium</span> 
     </span>
     <span class='ocr_line' id='line_1_10' title="bbox 349 530 1731 574; baseline 0.003 -15"><span class='ocrx_word' id='word_1_37' title='bbox 349 530 517 569; x_wconf 86' lang='lat' dir='ltr'>ejusdem,</span> <span class='ocrx_word' id='word_1_38' title='bbox 533 531 654 561; x_wconf 76' lang='lat' dir='ltr'>illicite</span> <span class='ocrx_word' id='word_1_39' title='bbox 678 531 896 569; x_wconf 72' lang='lat' dir='ltr'>ministretis,</span> <span class='ocrx_word' id='word_1_40' title='bbox 921 532 985 561; x_wconf 90' lang='lat' dir='ltr'>sub</span> <span class='ocrx_word' id='word_1_41' title='bbox 1010 532 1154 572; x_wconf 67' lang='lat' dir='ltr'>Major-is</span> <span class='ocrx_word' id='word_1_42' title='bbox 1179 533 1558 565; x_wconf 78' lang='lat' dir='ltr'>Excommunicacionis</span> <span class='ocrx_word' id='word_1_43' title='bbox 1581 544 1672 574; x_wconf 84' lang='lat' dir='ltr'>pena</span> <span class='ocrx_word' id='word_1_44' title='bbox 1695 534 1731 564; x_wconf 90' lang='lat' dir='ltr'>in</span> 
     </span>
     <span class='ocr_line' id='line_1_11' title="bbox 349 574 1731 618; baseline 0.004 -15"><span class='ocrx_word' id='word_1_45' title='bbox 349 584 410 604; x_wconf 84' lang='lat' dir='ltr'>vos</span> <span class='ocrx_word' id='word_1_46' title='bbox 436 585 505 604; x_wconf 92' lang='lat' dir='ltr'>non</span> <span class='ocrx_word' id='word_1_47' title='bbox 532 575 696 605; x_wconf 78' lang='lat' dir='ltr'>inmerito</span> <span class='ocrx_word' id='word_1_48' title='bbox 723 574 1103 614; x_wconf 59' lang='lat' dir='ltr'>fulminande—ITEM,</span> <span class='ocrx_word' id='word_1_49' title='bbox 1130 577 1340 616; x_wconf 79' lang='lat' dir='ltr'>precipimus</span> <span class='ocrx_word' id='word_1_50' title='bbox 1371 580 1416 615; x_wconf 89' lang='lat' dir='ltr'>et,</span> <span class='ocrx_word' id='word_1_51' title='bbox 1442 579 1590 608; x_wconf 89' lang='lat' dir='ltr'>firmiter</span> <span class='ocrx_word' id='word_1_52' title='bbox 1616 578 1731 618; x_wconf 87' lang='lat' dir='ltr'>injun-</span> 
     </span>
     <span class='ocr_line' id='line_1_12' title="bbox 349 619 1733 661; baseline 0.004 -14"><span class='ocrx_word' id='word_1_53' title='bbox 349 619 472 657; x_wconf 82' lang='lat' dir='ltr'>gendo,</span> <span class='ocrx_word' id='word_1_54' title='bbox 494 619 702 649; x_wconf 78' lang='lat' dir='ltr'>mandamus</span> <span class='ocrx_word' id='word_1_55' title='bbox 725 620 890 659; x_wconf 89' lang='lat' dir='ltr'>quatinus</span> <span class='ocrx_word' id='word_1_56' title='bbox 914 620 1083 650; x_wconf 89' lang='lat' dir='ltr'>Thomam</span> <span class='ocrx_word' id='word_1_57' title='bbox 1108 621 1246 661; x_wconf 87' lang='lat' dir='ltr'>Trykel,</span> <span class='ocrx_word' id='word_1_58' title='bbox 1270 621 1491 653; x_wconf 79' lang='lat' dir='ltr'>domicellum</span> <span class='ocrx_word' id='word_1_59' title='bbox 1516 624 1671 653; x_wconf 81' lang='lat' dir='ltr'>vestrum</span> <span class='ocrx_word' id='word_1_60' title='bbox 1697 624 1733 652; x_wconf 89' lang='lat' dir='ltr'>et</span> 
     </span>
     <span class='ocr_line' id='line_1_13' title="bbox 350 663 1731 706; baseline 0.004 -14"><span class='ocrx_word' id='word_1_61' title='bbox 350 663 572 701; x_wconf 85' lang='lat' dir='ltr'>servientem,</span> <span class='ocrx_word' id='word_1_62' title='bbox 589 666 628 693; x_wconf 90' lang='lat' dir='ltr'>ut</span> <span class='ocrx_word' id='word_1_63' title='bbox 643 664 871 703; x_wconf 83' lang='lat' dir='ltr'>premittitur,</span> <span class='ocrx_word' id='word_1_64' title='bbox 889 674 992 704; x_wconf 89' lang='lat' dir='ltr'>quem</span> <span class='ocrx_word' id='word_1_65' title='bbox 1009 665 1119 695; x_wconf 88' lang='lat' dir='ltr'>eciam</span> <span class='ocrx_word' id='word_1_66' title='bbox 1143 667 1228 696; x_wconf 88' lang='lat' dir='ltr'>tunc</span> <span class='ocrx_word' id='word_1_67' title='bbox 1252 665 1468 697; x_wconf 83' lang='lat' dir='ltr'>decrevimus</span> <span class='ocrx_word' id='word_1_68' title='bbox 1492 666 1578 705; x_wconf 84' lang='lat' dir='ltr'>fore,</span> <span class='ocrx_word' id='word_1_69' title='bbox 1596 669 1635 696; x_wconf 91' lang='lat' dir='ltr'>ut</span> <span class='ocrx_word' id='word_1_70' title='bbox 1656 676 1731 706; x_wconf 84' lang='lat' dir='ltr'>pre-</span> 
     </span>
     <span class='ocr_line' id='line_1_14' title="bbox 350 706 1734 750; baseline 0.004 -14"><span class='ocrx_word' id='word_1_71' title='bbox 350 706 514 745; x_wconf 86' lang='lat' dir='ltr'>mittitur,</span> <span class='ocrx_word' id='word_1_72' title='bbox 531 708 812 747; x_wconf 89' lang='lat' dir='ltr'>ammovendum,</span> <span class='ocrx_word' id='word_1_73' title='bbox 830 718 871 738; x_wconf 86' lang='lat' dir='ltr'>ex</span> <span class='ocrx_word' id='word_1_74' title='bbox 887 709 1001 739; x_wconf 85' lang='lat' dir='ltr'>causis</span> <span class='ocrx_word' id='word_1_75' title='bbox 1017 709 1127 739; x_wconf 89' lang='lat' dir='ltr'>eciam</span> <span class='ocrx_word' id='word_1_76' title='bbox 1144 709 1320 748; x_wconf 75' lang='lat' dir='ltr'>predictis,</span> <span class='ocrx_word' id='word_1_77' title='bbox 1337 711 1474 741; x_wconf 79' lang='lat' dir='ltr'>reddito</span> <span class='ocrx_word' id='word_1_78' title='bbox 1490 711 1655 750; x_wconf 89' lang='lat' dir='ltr'>primitus</span> <span class='ocrx_word' id='word_1_79' title='bbox 1670 720 1734 750; x_wconf 89' lang='lat' dir='ltr'>per</span> 
     </span>
     <span class='ocr_line' id='line_1_15' title="bbox 349 752 1732 791; baseline 0.004 -11"><span class='ocrx_word' id='word_1_80' title='bbox 349 752 498 781; x_wconf 88' lang='lat' dir='ltr'>eundem</span> <span class='ocrx_word' id='word_1_81' title='bbox 527 752 659 782; x_wconf 82' lang='lat' dir='ltr'>calculo</span> <span class='ocrx_word' id='word_1_82' title='bbox 687 752 729 782; x_wconf 93' lang='lat' dir='ltr'>de</span> <span class='ocrx_word' id='word_1_83' title='bbox 757 752 904 791; x_wconf 69' lang='lat' dir='ltr'>singulis</span> <span class='ocrx_word' id='word_1_84' title='bbox 928 753 1028 783; x_wconf 89' lang='lat' dir='ltr'>bonis</span> <span class='ocrx_word' id='word_1_85' title='bbox 1051 753 1135 783; x_wconf 85' lang='lat' dir='ltr'>dicti</span> <span class='ocrx_word' id='word_1_86' title='bbox 1161 754 1363 784; x_wconf 88' lang='lat' dir='ltr'>Monasterii</span> <span class='ocrx_word' id='word_1_87' title='bbox 1387 755 1431 785; x_wconf 89' lang='lat' dir='ltr'>ad</span> <span class='ocrx_word' id='word_1_88' title='bbox 1455 755 1605 785; x_wconf 85' lang='lat' dir='ltr'>officium</span> <span class='ocrx_word' id='word_1_89' title='bbox 1631 765 1732 785; x_wconf 91' lang='lat' dir='ltr'>suum</span> 
     </span>
     <span class='ocr_line' id='line_1_16' title="bbox 349 796 1733 837; baseline 0.003 -12"><span class='ocrx_word' id='word_1_90' title='bbox 349 796 607 834; x_wconf 88' lang='lat' dir='ltr'>pertinentibus</span> <span class='ocrx_word' id='word_1_91' title='bbox 619 811 625 833; x_wconf 83' lang='lat'><em>3</em></span> <span class='ocrx_word' id='word_1_92' title='bbox 643 796 826 836; x_wconf 90' lang='lat' dir='ltr'>ipsumque</span> <span class='ocrx_word' id='word_1_93' title='bbox 843 807 905 836; x_wconf 88' lang='lat' dir='ltr'>per</span> <span class='ocrx_word' id='word_1_94' title='bbox 916 807 1059 836; x_wconf 87' lang='lat' dir='ltr'>presens</span> <span class='ocrx_word' id='word_1_95' title='bbox 1072 798 1260 828; x_wconf 81' lang='lat' dir='ltr'>Decretum</span> <span class='ocrx_word' id='word_1_96' title='bbox 1273 800 1431 828; x_wconf 89' lang='lat' dir='ltr'>nostrum</span> <span class='ocrx_word' id='word_1_97' title='bbox 1449 799 1493 829; x_wconf 87' lang='lat' dir='ltr'>ab</span> <span class='ocrx_word' id='word_1_98' title='bbox 1504 799 1597 829; x_wconf 92' lang='lat' dir='ltr'>omni</span> <span class='ocrx_word' id='word_1_99' title='bbox 1612 799 1733 837; x_wconf 85' lang='lat' dir='ltr'>officio,</span> 
     </span>
     <span class='ocr_line' id='line_1_17' title="bbox 350 840 1732 883; baseline 0.003 -14"><span class='ocrx_word' id='word_1_100' title='bbox 350 840 506 878; x_wconf 87' lang='lat' dir='ltr'>servicio,</span> <span class='ocrx_word' id='word_1_101' title='bbox 521 842 556 870; x_wconf 87' lang='lat' dir='ltr'>et</span> <span class='ocrx_word' id='word_1_102' title='bbox 573 850 671 870; x_wconf 88' lang='lat' dir='ltr'>mora</span> <span class='ocrx_word' id='word_1_103' title='bbox 682 850 898 880; x_wconf 87' lang='lat' dir='ltr'>quacumque</span> <span class='ocrx_word' id='word_1_104' title='bbox 916 841 951 871; x_wconf 91' lang='lat' dir='ltr'>in</span> <span class='ocrx_word' id='word_1_105' title='bbox 968 842 1062 872; x_wconf 85' lang='lat' dir='ltr'>dicto</span> <span class='ocrx_word' id='word_1_106' title='bbox 1080 842 1291 872; x_wconf 87' lang='lat' dir='ltr'>Monasterio</span> <span class='ocrx_word' id='word_1_107' title='bbox 1307 843 1468 873; x_wconf 84' lang='lat' dir='ltr'>ammodo</span> <span class='ocrx_word' id='word_1_108' title='bbox 1485 843 1732 883; x_wconf 86' lang='lat' dir='ltr'>qualitercum-</span> 
     </span>
     <span class='ocr_line' id='line_1_18' title="bbox 350 884 1733 926; baseline 0.002 -13"><span class='ocrx_word' id='word_1_109' title='bbox 350 894 416 923; x_wconf 87' lang='lat' dir='ltr'>que</span> <span class='ocrx_word' id='word_1_110' title='bbox 426 884 598 915; x_wconf 80' lang='lat' dir='ltr'>faciendis</span> <span class='ocrx_word' id='word_1_111' title='bbox 609 895 859 916; x_wconf 83' lang='lat' dir='ltr'>ammovemus.</span> <span class='ocrx_word' id='word_1_112' title='bbox 882 886 1131 925; x_wconf 85' lang='lat' dir='ltr'>Vosque,infra</span> <span class='ocrx_word' id='word_1_113' title='bbox 1144 886 1355 926; x_wconf 84' lang='lat' dir='ltr'>quindenam</span> <span class='ocrx_word' id='word_1_114' title='bbox 1368 890 1447 926; x_wconf 88' lang='lat' dir='ltr'>post</span> <span class='ocrx_word' id='word_1_115' title='bbox 1461 887 1604 917; x_wconf 86' lang='lat' dir='ltr'>Festum</span> <span class='ocrx_word' id='word_1_116' title='bbox 1616 887 1733 918; x_wconf 83' lang='lat' dir='ltr'>Omni-</span> 
     </span>
     <span class='ocr_line' id='line_1_19' title="bbox 350 928 1732 971; baseline 0.003 -14"><span class='ocrx_word' id='word_1_117' title='bbox 350 938 409 957; x_wconf 92' lang='lat' dir='ltr'>um</span> <span class='ocrx_word' id='word_1_118' title='bbox 428 928 635 959; x_wconf 84' lang='lat' dir='ltr'>Sanctorum</span> <span class='ocrx_word' id='word_1_119' title='bbox 648 930 806 968; x_wconf 77' lang='lat' dir='ltr'>proximo</span> <span class='ocrx_word' id='word_1_120' title='bbox 820 929 834 959; x_wconf 89' lang='lat' dir='ltr'>s</span> <span class='ocrx_word' id='word_1_121' title='bbox 836 932 990 968; x_wconf 91' lang='lat' dir='ltr'>uturum,</span> <span class='ocrx_word' id='word_1_122' title='bbox 1002 930 1045 960; x_wconf 85' lang='lat' dir='ltr'>ab</span> <span class='ocrx_word' id='word_1_123' title='bbox 1056 930 1177 969; x_wconf 88' lang='lat' dir='ltr'>officio,</span> <span class='ocrx_word' id='word_1_124' title='bbox 1190 931 1344 970; x_wconf 80' lang='lat' dir='ltr'>servicio,</span> <span class='ocrx_word' id='word_1_125' title='bbox 1356 935 1392 961; x_wconf 83' lang='lat' dir='ltr'>et</span> <span class='ocrx_word' id='word_1_126' title='bbox 1405 941 1503 961; x_wconf 89' lang='lat' dir='ltr'>mora</span> <span class='ocrx_word' id='word_1_127' title='bbox 1515 941 1732 971; x_wconf 84' lang='lat' dir='ltr'>quacumque</span> 
     </span>
     <span class='ocr_line' id='line_1_20' title="bbox 349 972 1733 1014; baseline 0.002 -12"><span class='ocrx_word' id='word_1_128' title='bbox 349 972 383 1001; x_wconf 87' lang='lat' dir='ltr'>in</span> <span class='ocrx_word' id='word_1_129' title='bbox 405 973 498 1003; x_wconf 90' lang='lat' dir='ltr'>dicto</span> <span class='ocrx_word' id='word_1_130' title='bbox 516 974 729 1003; x_wconf 85' lang='lat' dir='ltr'>Monasterio</span> <span class='ocrx_word' id='word_1_131' title='bbox 752 976 869 1004; x_wconf 90' lang='lat' dir='ltr'>vestro</span> <span class='ocrx_word' id='word_1_132' title='bbox 893 975 1055 1005; x_wconf 83' lang='lat' dir='ltr'>ammodo</span> <span class='ocrx_word' id='word_1_133' title='bbox 1072 975 1331 1014; x_wconf 87' lang='lat' dir='ltr'>quomodolibet</span> <span class='ocrx_word' id='word_1_134' title='bbox 1347 975 1528 1014; x_wconf 81' lang='lat' dir='ltr'>faciendis,</span> <span class='ocrx_word' id='word_1_135' title='bbox 1546 976 1733 1006; x_wconf 79' lang='lat' dir='ltr'>actualiter</span> 
     </span>
     <span class='ocr_line' id='line_1_21' title="bbox 349 1017 1733 1059; baseline 0.003 -13"><span class='ocrx_word' id='word_1_136' title='bbox 349 1017 569 1055; x_wconf 82' lang='lat' dir='ltr'>removeatis,</span> <span class='ocrx_word' id='word_1_137' title='bbox 586 1018 701 1057; x_wconf 91' lang='lat' dir='ltr'>ipsum</span> <span class='ocrx_word' id='word_1_138' title='bbox 726 1018 769 1048; x_wconf 89' lang='lat' dir='ltr'>ad</span> <span class='ocrx_word' id='word_1_139' title='bbox 785 1019 965 1057; x_wconf 82' lang='lat' dir='ltr'>premissa,</span> <span class='ocrx_word' id='word_1_140' title='bbox 983 1021 1043 1048; x_wconf 87' lang='lat' dir='ltr'>aut</span> <span class='ocrx_word' id='word_1_141' title='bbox 1063 1019 1202 1059; x_wconf 84' lang='lat' dir='ltr'>aliquod</span> <span class='ocrx_word' id='word_1_142' title='bbox 1226 1019 1487 1059; x_wconf 85' lang='lat' dir='ltr'>premissorum,</span> <span class='ocrx_word' id='word_1_143' title='bbox 1503 1020 1733 1059; x_wconf 87' lang='lat' dir='ltr'>imposterum</span> 
     </span>
     <span class='ocr_line' id='line_1_22' title="bbox 348 1061 1731 1103; baseline 0.002 -13"><span class='ocrx_word' id='word_1_144' title='bbox 348 1061 549 1092; x_wconf 82' lang='lat' dir='ltr'>nullatenus</span> <span class='ocrx_word' id='word_1_145' title='bbox 566 1062 763 1100; x_wconf 86' lang='lat' dir='ltr'>admissuri,</span> <span class='ocrx_word' id='word_1_146' title='bbox 781 1063 846 1092; x_wconf 91' lang='lat' dir='ltr'>sub</span> <span class='ocrx_word' id='word_1_147' title='bbox 862 1063 961 1102; x_wconf 90' lang='lat' dir='ltr'>penis</span> <span class='ocrx_word' id='word_1_148' title='bbox 977 1065 1012 1093; x_wconf 90' lang='lat' dir='ltr'>et</span> <span class='ocrx_word' id='word_1_149' title='bbox 1029 1063 1185 1094; x_wconf 81' lang='lat' dir='ltr'>censuris</span> <span class='ocrx_word' id='word_1_150' title='bbox 1202 1064 1361 1103; x_wconf 89' lang='lat' dir='ltr'>superius</span> <span class='ocrx_word' id='word_1_151' title='bbox 1378 1064 1731 1103; x_wconf 70' lang='lat' dir='ltr'>prenotatis—ITEM,</span> 
     </span>
     <span class='ocr_line' id='line_1_23' title="bbox 347 1105 1732 1147; baseline 0.002 -12"><span class='ocrx_word' id='word_1_152' title='bbox 347 1105 455 1143; x_wconf 83' lang='lat' dir='ltr'>vobis,</span> <span class='ocrx_word' id='word_1_153' title='bbox 480 1106 602 1144; x_wconf 79' lang='lat' dir='ltr'>eciam,</span> <span class='ocrx_word' id='word_1_154' title='bbox 619 1106 749 1136; x_wconf 83' lang='lat' dir='ltr'>Abbati</span> <span class='ocrx_word' id='word_1_155' title='bbox 772 1106 972 1137; x_wconf 84' lang='lat' dir='ltr'>inhibemus</span> <span class='ocrx_word' id='word_1_156' title='bbox 994 1117 1038 1137; x_wconf 91' lang='lat' dir='ltr'>ne</span> <span class='ocrx_word' id='word_1_157' title='bbox 1063 1108 1242 1138; x_wconf 78' lang='lat' dir='ltr'>occasione</span> <span class='ocrx_word' id='word_1_158' title='bbox 1267 1108 1381 1138; x_wconf 90' lang='lat' dir='ltr'>ultimi</span> <span class='ocrx_word' id='word_1_159' title='bbox 1404 1118 1564 1147; x_wconf 73' lang='lat' dir='ltr'>egressus</span> <span class='ocrx_word' id='word_1_160' title='bbox 1589 1108 1732 1138; x_wconf 86' lang='lat' dir='ltr'>Confra-</span> 
     </span>
     <span class='ocr_line' id='line_1_24' title="bbox 346 1150 1732 1192; baseline 0.002 -13"><span class='ocrx_word' id='word_1_161' title='bbox 346 1150 441 1179; x_wconf 87' lang='lat' dir='ltr'>trum</span> <span class='ocrx_word' id='word_1_162' title='bbox 458 1152 655 1180; x_wconf 86' lang='lat' dir='ltr'>vestrorum</span> <span class='ocrx_word' id='word_1_163' title='bbox 673 1151 717 1181; x_wconf 89' lang='lat' dir='ltr'>ad</span> <span class='ocrx_word' id='word_1_164' title='bbox 734 1161 807 1189; x_wconf 91' lang='lat' dir='ltr'>nos,</span> <span class='ocrx_word' id='word_1_165' title='bbox 825 1154 860 1181; x_wconf 89' lang='lat' dir='ltr'>et</span> <span class='ocrx_word' id='word_1_166' title='bbox 877 1152 1078 1181; x_wconf 86' lang='lat' dir='ltr'>nullatenus</span> <span class='ocrx_word' id='word_1_167' title='bbox 1094 1151 1261 1182; x_wconf 90' lang='lat' dir='ltr'>Dominos</span> <span class='ocrx_word' id='word_1_168' title='bbox 1278 1153 1498 1191; x_wconf 81' lang='lat' dir='ltr'>temporales,</span> <span class='ocrx_word' id='word_1_169' title='bbox 1516 1152 1732 1192; x_wconf 87' lang='lat' dir='ltr'>prochdolor,</span> 
     </span>
     <span class='ocr_line' id='line_1_25' title="bbox 347 1194 1729 1236; baseline 0.003 -13"><span class='ocrx_word' id='word_1_170' title='bbox 347 1194 594 1233; x_wconf 78' lang='lat' dir='ltr'>contingentis,</span> <span class='ocrx_word' id='word_1_171' title='bbox 622 1195 812 1233; x_wconf 67' lang='lat' dir='ltr'>rigorosius</span> <span class='ocrx_word' id='word_1_172' title='bbox 838 1198 899 1225; x_wconf 88' lang='lat' dir='ltr'>aut</span> <span class='ocrx_word' id='word_1_173' title='bbox 927 1196 1069 1235; x_wconf 76' lang='lat' dir='ltr'>gravius</span> <span class='ocrx_word' id='word_1_174' title='bbox 1097 1198 1220 1226; x_wconf 87' lang='lat' dir='ltr'>contra</span> <span class='ocrx_word' id='word_1_175' title='bbox 1245 1206 1313 1233; x_wconf 83' lang='lat' dir='ltr'>eos,</span> <span class='ocrx_word' id='word_1_176' title='bbox 1339 1198 1400 1226; x_wconf 86' lang='lat' dir='ltr'>aut</span> <span class='ocrx_word' id='word_1_177' title='bbox 1424 1197 1573 1236; x_wconf 85' lang='lat' dir='ltr'>aliquem</span> <span class='ocrx_word' id='word_1_178' title='bbox 1599 1206 1729 1235; x_wconf 89' lang='lat' dir='ltr'>eorum,</span> 
     </span>
     <span class='ocr_line' id='line_1_26' title="bbox 346 1238 1732 1280; baseline 0.001 -12"><span class='ocrx_word' id='word_1_179' title='bbox 346 1239 553 1277; x_wconf 88' lang='lat' dir='ltr'>procedatis,</span> <span class='ocrx_word' id='word_1_180' title='bbox 572 1241 625 1269; x_wconf 88' lang='lat' dir='ltr'>set</span> <span class='ocrx_word' id='word_1_181' title='bbox 642 1239 702 1277; x_wconf 91' lang='lat' dir='ltr'>eis,</span> <span class='ocrx_word' id='word_1_182' title='bbox 720 1249 761 1269; x_wconf 85' lang='lat' dir='ltr'>ex</span> <span class='ocrx_word' id='word_1_183' title='bbox 779 1240 883 1269; x_wconf 86' lang='lat' dir='ltr'>certis</span> <span class='ocrx_word' id='word_1_184' title='bbox 900 1242 935 1270; x_wconf 89' lang='lat' dir='ltr'>et</span> <span class='ocrx_word' id='word_1_185' title='bbox 960 1240 1126 1279; x_wconf 84' lang='lat' dir='ltr'>legitimis</span> <span class='ocrx_word' id='word_1_186' title='bbox 1152 1238 1304 1280; x_wconf 88' lang='lat' dir='ltr'>[causis]</span> <span class='ocrx_word' id='word_1_187' title='bbox 1331 1250 1394 1271; x_wconf 93' lang='lat' dir='ltr'>nos</span> <span class='ocrx_word' id='word_1_188' title='bbox 1418 1240 1649 1279; x_wconf 86' lang='lat' dir='ltr'>moventibus,</span> <span class='ocrx_word' id='word_1_189' title='bbox 1666 1241 1732 1271; x_wconf 83' lang='lat' dir='ltr'>hac</span> 
     </span>
     <span class='ocr_line' id='line_1_27' title="bbox 346 1283 1732 1324; baseline 0.002 -12"><span class='ocrx_word' id='word_1_190' title='bbox 346 1283 421 1313; x_wconf 86' lang='lat' dir='ltr'>vice</span> <span class='ocrx_word' id='word_1_191' title='bbox 444 1283 608 1322; x_wconf 87' lang='lat' dir='ltr'>parcatis,</span> <span class='ocrx_word' id='word_1_192' title='bbox 633 1283 697 1314; x_wconf 90' lang='lat' dir='ltr'>sub</span> <span class='ocrx_word' id='word_1_193' title='bbox 721 1293 762 1313; x_wconf 87' lang='lat' dir='ltr'>ea</span> <span class='ocrx_word' id='word_1_194' title='bbox 786 1284 987 1314; x_wconf 85' lang='lat' dir='ltr'>condicione</span> <span class='ocrx_word' id='word_1_195' title='bbox 1011 1285 1103 1324; x_wconf 89' lang='lat' dir='ltr'>quod</span> <span class='ocrx_word' id='word_1_196' title='bbox 1119 1285 1279 1315; x_wconf 89' lang='lat' dir='ltr'>decetero</span> <span class='ocrx_word' id='word_1_197' title='bbox 1295 1285 1415 1315; x_wconf 87' lang='lat' dir='ltr'>taliter</span> <span class='ocrx_word' id='word_1_198' title='bbox 1430 1295 1501 1315; x_wconf 92' lang='lat' dir='ltr'>non</span> <span class='ocrx_word' id='word_1_199' title='bbox 1517 1285 1732 1324; x_wconf 88' lang='lat' dir='ltr'>delinquant.</span> 
     </span>
     <span class='ocr_line' id='line_1_28' title="bbox 346 1326 1729 1369; baseline 0.002 -13"><span class='ocrx_word' id='word_1_200' title='bbox 346 1326 488 1365; x_wconf 84' lang='lat' dir='ltr'>Verum,</span> <span class='ocrx_word' id='word_1_201' title='bbox 517 1337 560 1358; x_wconf 91' lang='lat' dir='ltr'>ne</span> <span class='ocrx_word' id='word_1_202' title='bbox 586 1327 740 1358; x_wconf 85' lang='lat' dir='ltr'>facilitas</span> <span class='ocrx_word' id='word_1_203' title='bbox 765 1328 864 1358; x_wconf 89' lang='lat' dir='ltr'>venie</span> <span class='ocrx_word' id='word_1_204' title='bbox 882 1329 1014 1358; x_wconf 86' lang='lat' dir='ltr'>tribuat</span> <span class='ocrx_word' id='word_1_205' title='bbox 1031 1329 1247 1359; x_wconf 80' lang='lat' dir='ltr'>incentivum</span> <span class='ocrx_word' id='word_1_206' title='bbox 1263 1329 1498 1369; x_wconf 85' lang='lat' dir='ltr'>delinquendi,</span> <span class='ocrx_word' id='word_1_207' title='bbox 1515 1329 1677 1359; x_wconf 84' lang='lat' dir='ltr'>omnibus</span> <span class='ocrx_word' id='word_1_208' title='bbox 1694 1331 1729 1359; x_wconf 91' lang='lat' dir='ltr'>et</span> 
     </span>
     <span class='ocr_line' id='line_1_29' title="bbox 345 1371 1729 1412; baseline 0.002 -12"><span class='ocrx_word' id='word_1_209' title='bbox 345 1371 492 1410; x_wconf 82' lang='lat' dir='ltr'>singulis</span> <span class='ocrx_word' id='word_1_210' title='bbox 519 1372 699 1402; x_wconf 84' lang='lat' dir='ltr'>Monachis</span> <span class='ocrx_word' id='word_1_211' title='bbox 727 1372 884 1412; x_wconf 84' lang='lat' dir='ltr'>ejusdem</span> <span class='ocrx_word' id='word_1_212' title='bbox 906 1373 1109 1403; x_wconf 84' lang='lat' dir='ltr'>Monasterii</span> <span class='ocrx_word' id='word_1_213' title='bbox 1137 1373 1357 1412; x_wconf 84' lang='lat' dir='ltr'>precipimus,</span> <span class='ocrx_word' id='word_1_214' title='bbox 1376 1373 1594 1411; x_wconf 83' lang='lat' dir='ltr'>mandamus,</span> <span class='ocrx_word' id='word_1_215' title='bbox 1611 1375 1647 1404; x_wconf 90' lang='lat' dir='ltr'>et</span> <span class='ocrx_word' id='word_1_216' title='bbox 1664 1373 1729 1403; x_wconf 92' lang='lat' dir='ltr'>dis-</span> 
     </span>
     <span class='ocr_line' id='line_1_30' title="bbox 344 1416 1730 1456; baseline 0.001 -11"><span class='ocrx_word' id='word_1_217' title='bbox 344 1416 448 1446; x_wconf 87' lang='lat' dir='ltr'>tricte</span> <span class='ocrx_word' id='word_1_218' title='bbox 474 1416 671 1447; x_wconf 90' lang='lat' dir='ltr'>inhibemus</span> <span class='ocrx_word' id='word_1_219' title='bbox 697 1417 798 1456; x_wconf 71' lang='lat' dir='ltr'>quod,</span> <span class='ocrx_word' id='word_1_220' title='bbox 825 1417 852 1447; x_wconf 89' lang='lat' dir='ltr'>si</span> <span class='ocrx_word' id='word_1_221' title='bbox 876 1417 1064 1456; x_wconf 82' lang='lat' dir='ltr'>contigerit</span> <span class='ocrx_word' id='word_1_222' title='bbox 1090 1417 1183 1447; x_wconf 86' lang='lat' dir='ltr'>inter</span> <span class='ocrx_word' id='word_1_223' title='bbox 1206 1417 1345 1447; x_wconf 89' lang='lat' dir='ltr'>eosdem</span> <span class='ocrx_word' id='word_1_224' title='bbox 1364 1417 1649 1455; x_wconf 85' lang='lat' dir='ltr'>Commonachos,</span> <span class='ocrx_word' id='word_1_225' title='bbox 1668 1420 1730 1447; x_wconf 89' lang='lat' dir='ltr'>aut</span> 
     </span>
     <span class='ocr_line' id='line_1_31' title="bbox 345 1459 1730 1501; baseline 0.001 -12"><span class='ocrx_word' id='word_1_226' title='bbox 345 1459 447 1499; x_wconf 87' lang='lat' dir='ltr'>ipsos,</span> <span class='ocrx_word' id='word_1_227' title='bbox 462 1461 516 1490; x_wconf 82' lang='lat' dir='ltr'>vel</span> <span class='ocrx_word' id='word_1_228' title='bbox 530 1460 680 1500; x_wconf 86' lang='lat' dir='ltr'>aliquem</span> <span class='ocrx_word' id='word_1_229' title='bbox 694 1471 824 1498; x_wconf 89' lang='lat' dir='ltr'>eorum,</span> <span class='ocrx_word' id='word_1_230' title='bbox 838 1463 873 1491; x_wconf 85' lang='lat' dir='ltr'>et</span> <span class='ocrx_word' id='word_1_231' title='bbox 886 1461 1060 1491; x_wconf 87' lang='lat' dir='ltr'>Abbatem</span> <span class='ocrx_word' id='word_1_232' title='bbox 1072 1470 1174 1491; x_wconf 82' lang='lat' dir='ltr'>suum</span> <span class='ocrx_word' id='word_1_233' title='bbox 1187 1462 1420 1501; x_wconf 88' lang='lat' dir='ltr'>conquerendi</span> <span class='ocrx_word' id='word_1_234' title='bbox 1433 1461 1533 1492; x_wconf 92' lang='lat' dir='ltr'>nobis</span> <span class='ocrx_word' id='word_1_235' title='bbox 1545 1461 1730 1492; x_wconf 85' lang='lat' dir='ltr'>materiam</span> 
     </span>
     <span class='ocr_line' id='line_1_32' title="bbox 344 1504 1729 1545; baseline 0.001 -11"><span class='ocrx_word' id='word_1_236' title='bbox 344 1504 503 1543; x_wconf 88' lang='lat' dir='ltr'>suboriri,</span> <span class='ocrx_word' id='word_1_237' title='bbox 521 1505 612 1544; x_wconf 85' lang='lat' dir='ltr'>quod</span> <span class='ocrx_word' id='word_1_238' title='bbox 629 1505 731 1543; x_wconf 88' lang='lat' dir='ltr'>absit,</span> <span class='ocrx_word' id='word_1_239' title='bbox 748 1515 791 1535; x_wconf 91' lang='lat' dir='ltr'>ne</span> <span class='ocrx_word' id='word_1_240' title='bbox 808 1506 902 1535; x_wconf 85' lang='lat' dir='ltr'>ultra</span> <span class='ocrx_word' id='word_1_241' title='bbox 918 1516 1037 1543; x_wconf 89' lang='lat' dir='ltr'>unum,</span> <span class='ocrx_word' id='word_1_242' title='bbox 1054 1505 1110 1536; x_wconf 87' lang='lat' dir='ltr'>vel</span> <span class='ocrx_word' id='word_1_243' title='bbox 1127 1506 1213 1536; x_wconf 91' lang='lat' dir='ltr'>duos</span> <span class='ocrx_word' id='word_1_244' title='bbox 1229 1505 1273 1535; x_wconf 85' lang='lat' dir='ltr'>ad</span> <span class='ocrx_word' id='word_1_245' title='bbox 1290 1506 1415 1545; x_wconf 82' lang='lat' dir='ltr'>majus,</span> <span class='ocrx_word' id='word_1_246' title='bbox 1432 1506 1476 1536; x_wconf 89' lang='lat' dir='ltr'>ad</span> <span class='ocrx_word' id='word_1_247' title='bbox 1496 1515 1558 1536; x_wconf 92' lang='lat' dir='ltr'>nos</span> <span class='ocrx_word' id='word_1_248' title='bbox 1583 1505 1729 1536; x_wconf 87' lang='lat' dir='ltr'>accedat</span> 
     </span>
     <span class='ocr_line' id='line_1_33' title="bbox 343 1549 1728 1589; baseline 0.001 -11"><span class='ocrx_word' id='word_1_249' title='bbox 343 1549 398 1578; x_wconf 84' lang='lat' dir='ltr'>vel</span> <span class='ocrx_word' id='word_1_250' title='bbox 415 1549 592 1587; x_wconf 75' lang='lat' dir='ltr'>accedant,</span> <span class='ocrx_word' id='word_1_251' title='bbox 610 1549 721 1588; x_wconf 83' lang='lat' dir='ltr'>petita</span> <span class='ocrx_word' id='word_1_252' title='bbox 736 1549 900 1588; x_wconf 89' lang='lat' dir='ltr'>primitus</span> <span class='ocrx_word' id='word_1_253' title='bbox 917 1559 937 1579; x_wconf 88' lang='lat' dir='ltr'>a</span> <span class='ocrx_word' id='word_1_254' title='bbox 954 1560 1016 1580; x_wconf 89' lang='lat' dir='ltr'>suo</span> <span class='ocrx_word' id='word_1_255' title='bbox 1033 1549 1179 1587; x_wconf 87' lang='lat' dir='ltr'>Abbate,</span> <span class='ocrx_word' id='word_1_256' title='bbox 1197 1551 1258 1580; x_wconf 88' lang='lat' dir='ltr'>aut</span> <span class='ocrx_word' id='word_1_257' title='bbox 1272 1550 1390 1580; x_wconf 79' lang='lat' dir='ltr'>Priore</span> <span class='ocrx_word' id='word_1_258' title='bbox 1401 1550 1437 1579; x_wconf 91' lang='lat' dir='ltr'>in</span> <span class='ocrx_word' id='word_1_259' title='bbox 1453 1550 1561 1589; x_wconf 92' lang='lat' dir='ltr'>ipsius</span> <span class='ocrx_word' id='word_1_260' title='bbox 1579 1550 1728 1580; x_wconf 81' lang='lat' dir='ltr'>Abbatis</span> 
     </span>
     <span class='ocr_line' id='line_1_34' title="bbox 344 1593 1728 1633; baseline 0.001 -11"><span class='ocrx_word' id='word_1_261' title='bbox 344 1593 518 1631; x_wconf 83' lang='lat' dir='ltr'>absencia,</span> <span class='ocrx_word' id='word_1_262' title='bbox 534 1593 691 1631; x_wconf 82' lang='lat' dir='ltr'>licencia,</span> <span class='ocrx_word' id='word_1_263' title='bbox 707 1593 870 1633; x_wconf 80' lang='lat' dir='ltr'>justaque</span> <span class='ocrx_word' id='word_1_264' title='bbox 887 1604 993 1624; x_wconf 82' lang='lat' dir='ltr'>causa</span> <span class='ocrx_word' id='word_1_265' title='bbox 1009 1604 1127 1624; x_wconf 87' lang='lat' dir='ltr'>coram</span> <span class='ocrx_word' id='word_1_266' title='bbox 1144 1594 1194 1624; x_wconf 90' lang='lat' dir='ltr'>eis</span> <span class='ocrx_word' id='word_1_267' title='bbox 1205 1596 1267 1624; x_wconf 88' lang='lat' dir='ltr'>aut</span> <span class='ocrx_word' id='word_1_268' title='bbox 1280 1604 1399 1624; x_wconf 87' lang='lat' dir='ltr'>eorum</span> <span class='ocrx_word' id='word_1_269' title='bbox 1411 1595 1521 1624; x_wconf 91' lang='lat' dir='ltr'>altero</span> <span class='ocrx_word' id='word_1_270' title='bbox 1538 1594 1728 1633; x_wconf 80' lang='lat' dir='ltr'>assignata,</span> 
     </span>
     <span class='ocr_line' id='line_1_35' title="bbox 344 1637 1728 1678; baseline 0.001 -12"><span class='ocrx_word' id='word_1_271' title='bbox 344 1637 371 1667; x_wconf 91' lang='lat' dir='ltr'>si</span> <span class='ocrx_word' id='word_1_272' title='bbox 400 1637 550 1667; x_wconf 85' lang='lat' dir='ltr'>materia</span> <span class='ocrx_word' id='word_1_273' title='bbox 575 1637 801 1668; x_wconf 89' lang='lat' dir='ltr'>dissensionis</span> <span class='ocrx_word' id='word_1_274' title='bbox 831 1638 924 1668; x_wconf 87' lang='lat' dir='ltr'>inter</span> <span class='ocrx_word' id='word_1_275' title='bbox 955 1638 1129 1668; x_wconf 86' lang='lat' dir='ltr'>Abbatem</span> <span class='ocrx_word' id='word_1_276' title='bbox 1161 1640 1196 1668; x_wconf 92' lang='lat' dir='ltr'>et</span> <span class='ocrx_word' id='word_1_277' title='bbox 1225 1638 1456 1676; x_wconf 85' lang='lat' dir='ltr'>Conventum,</span> <span class='ocrx_word' id='word_1_278' title='bbox 1488 1640 1549 1668; x_wconf 89' lang='lat' dir='ltr'>aut</span> <span class='ocrx_word' id='word_1_279' title='bbox 1578 1639 1728 1678; x_wconf 86' lang='lat' dir='ltr'>aliquem</span> 
     </span>
     <span class='ocr_line' id='line_1_36' title="bbox 345 1681 1728 1722; baseline 0.001 -12"><span class='ocrx_word' id='word_1_280' title='bbox 345 1681 643 1712; x_wconf 85' lang='lat' dir='ltr'>Commonachum</span> <span class='ocrx_word' id='word_1_281' title='bbox 672 1682 859 1721; x_wconf 82' lang='lat' dir='ltr'>contigerit</span> <span class='ocrx_word' id='word_1_282' title='bbox 885 1682 1182 1722; x_wconf 85' lang='lat' dir='ltr'>suboriri,—quod</span> <span class='ocrx_word' id='word_1_283' title='bbox 1214 1682 1305 1712; x_wconf 87' lang='lat' dir='ltr'>absit</span> <span class='ocrx_word' id='word_1_284' title='bbox 1332 1693 1394 1721; x_wconf 84' lang='lat' dir='ltr'>per</span> <span class='ocrx_word' id='word_1_285' title='bbox 1424 1692 1487 1712; x_wconf 89' lang='lat' dir='ltr'>nos</span> <span class='ocrx_word' id='word_1_286' title='bbox 1502 1683 1508 1713; x_wconf 76' lang='lat' dir='ltr'>l</span> <span class='ocrx_word' id='word_1_287' title='bbox 1557 1682 1602 1720; x_wconf 82' lang='lat' dir='ltr'>Si,</span> <span class='ocrx_word' id='word_1_288' title='bbox 1636 1692 1728 1720; x_wconf 88' lang='lat' dir='ltr'>vero,</span> 
     </span>
     <span class='ocr_line' id='line_1_37' title="bbox 342 1726 1727 1766; baseline 0.001 -11"><span class='ocrx_word' id='word_1_289' title='bbox 342 1726 436 1755; x_wconf 86' lang='lat' dir='ltr'>inter</span> <span class='ocrx_word' id='word_1_290' title='bbox 453 1726 730 1756; x_wconf 87' lang='lat' dir='ltr'>Commonachos</span> <span class='ocrx_word' id='word_1_291' title='bbox 746 1726 947 1766; x_wconf 86' lang='lat' dir='ltr'>hujusmodi</span> <span class='ocrx_word' id='word_1_292' title='bbox 963 1726 1133 1756; x_wconf 83' lang='lat' dir='ltr'>dissensio</span> <span class='ocrx_word' id='word_1_293' title='bbox 1149 1727 1326 1764; x_wconf 83' lang='lat' dir='ltr'>acciderit,</span> <span class='ocrx_word' id='word_1_294' title='bbox 1340 1736 1402 1765; x_wconf 85' lang='lat' dir='ltr'>per</span> <span class='ocrx_word' id='word_1_295' title='bbox 1413 1727 1589 1756; x_wconf 86' lang='lat' dir='ltr'>Abbatem</span> <span class='ocrx_word' id='word_1_296' title='bbox 1605 1736 1727 1766; x_wconf 88' lang='lat' dir='ltr'>appro-</span> 
     </span>
     <span class='ocr_line' id='line_1_38' title="bbox 343 1770 1727 1810; baseline 0.001 -11"><span class='ocrx_word' id='word_1_297' title='bbox 343 1770 459 1800; x_wconf 79' lang='lat' dir='ltr'>banda</span> <span class='ocrx_word' id='word_1_298' title='bbox 480 1770 533 1800; x_wconf 85' lang='lat' dir='ltr'>vel</span> <span class='ocrx_word' id='word_1_299' title='bbox 551 1770 780 1810; x_wconf 87' lang='lat' dir='ltr'>reprobanda,</span> <span class='ocrx_word' id='word_1_300' title='bbox 798 1780 866 1810; x_wconf 86' lang='lat' dir='ltr'>qua</span> <span class='ocrx_word' id='word_1_301' title='bbox 882 1781 987 1801; x_wconf 80' lang='lat' dir='ltr'>causa</span> <span class='ocrx_word' id='word_1_302' title='bbox 1004 1781 1065 1810; x_wconf 86' lang='lat' dir='ltr'>per</span> <span class='ocrx_word' id='word_1_303' title='bbox 1081 1781 1144 1801; x_wconf 91' lang='lat' dir='ltr'>nos</span> <span class='ocrx_word' id='word_1_304' title='bbox 1160 1773 1221 1800; x_wconf 90' lang='lat' dir='ltr'>aut</span> <span class='ocrx_word' id='word_1_305' title='bbox 1238 1771 1423 1809; x_wconf 78' lang='lat' dir='ltr'>Abbatem,</span> <span class='ocrx_word' id='word_1_306' title='bbox 1440 1773 1480 1800; x_wconf 87' lang='lat' dir='ltr'>ut</span> <span class='ocrx_word' id='word_1_307' title='bbox 1498 1771 1727 1810; x_wconf 81' lang='lat' dir='ltr'>premittitur,</span> 
     </span>
     <span class='ocr_line' id='line_1_39' title="bbox 344 1814 1728 1855; baseline 0.001 -12"><span class='ocrx_word' id='word_1_308' title='bbox 344 1814 477 1854; x_wconf 84' lang='lat' dir='ltr'>injusta</span> <span class='ocrx_word' id='word_1_309' title='bbox 508 1817 569 1844; x_wconf 83' lang='lat' dir='ltr'>aut</span> <span class='ocrx_word' id='word_1_310' title='bbox 595 1814 743 1854; x_wconf 82' lang='lat' dir='ltr'>reproba</span> <span class='ocrx_word' id='word_1_311' title='bbox 774 1817 964 1855; x_wconf 86' lang='lat' dir='ltr'>comperta,</span> <span class='ocrx_word' id='word_1_312' title='bbox 996 1815 1045 1845; x_wconf 90' lang='lat' dir='ltr'>sic</span> <span class='ocrx_word' id='word_1_313' title='bbox 1073 1815 1311 1855; x_wconf 77' lang='lat' dir='ltr'>egredientem</span> <span class='ocrx_word' id='word_1_314' title='bbox 1343 1825 1469 1854; x_wconf 85' lang='lat' dir='ltr'>penam</span> <span class='ocrx_word' id='word_1_315' title='bbox 1501 1815 1728 1845; x_wconf 89' lang='lat' dir='ltr'>ammocionis</span> 
     </span>
     <span class='ocr_line' id='line_1_40' title="bbox 344 1858 1723 1898; baseline 0 -10"><span class='ocrx_word' id='word_1_316' title='bbox 344 1859 581 1897; x_wconf 84' lang='lat' dir='ltr'>supradictam</span> <span class='ocrx_word' id='word_1_317' title='bbox 600 1859 820 1889; x_wconf 89' lang='lat' dir='ltr'>decernimus</span> <span class='ocrx_word' id='word_1_318' title='bbox 837 1859 1024 1897; x_wconf 88' lang='lat' dir='ltr'>incurrere,</span> <span class='ocrx_word' id='word_1_319' title='bbox 1042 1859 1117 1898; x_wconf 90' lang='lat' dir='ltr'>ipso</span> <span class='ocrx_word' id='word_1_320' title='bbox 1134 1858 1273 1890; x_wconf 84' lang='lat' dir='ltr'>facto.—</span> <span class='ocrx_word' id='word_1_321' title='bbox 1286 1859 1345 1898; x_wconf 85' lang='lat' dir='ltr'>ET,</span> <span class='ocrx_word' id='word_1_322' title='bbox 1365 1867 1451 1897; x_wconf 76' lang='lat' dir='ltr'><strong>QUIA</strong></span> <span class='ocrx_word' id='word_1_323' title='bbox 1470 1867 1537 1889; x_wconf 76' lang='lat' dir='ltr'>PER</span> <span class='ocrx_word' id='word_1_324' title='bbox 1554 1867 1723 1897; x_wconf 66' lang='grc' dir='ltr'><strong>ΒΕΤΕΟΤΑ,</strong></span> 
     </span>
     <span class='ocr_line' id='line_1_41' title="bbox 344 1903 1727 1941; baseline 0.001 -9"><span class='ocrx_word' id='word_1_325' title='bbox 344 1910 539 1941; x_wconf 82' lang='lat' dir='ltr'>COMPERTA,</span> <span class='ocrx_word' id='word_1_326' title='bbox 567 1911 609 1932; x_wconf 79' lang='lat' dir='ltr'>ET</span> <span class='ocrx_word' id='word_1_327' title='bbox 634 1911 773 1932; x_wconf 76' lang='lat' dir='ltr'><strong>DELATA</strong></span> <span class='ocrx_word' id='word_1_328' title='bbox 791 1913 907 1933; x_wconf 82' lang='lat' dir='ltr'>coram</span> <span class='ocrx_word' id='word_1_329' title='bbox 924 1903 1024 1934; x_wconf 87' lang='lat' dir='ltr'>nobis</span> <span class='ocrx_word' id='word_1_330' title='bbox 1040 1904 1075 1933; x_wconf 89' lang='lat' dir='ltr'>in</span> <span class='ocrx_word' id='word_1_331' title='bbox 1094 1903 1306 1934; x_wconf 86' lang='lat' dir='ltr'>Visitacione</span> <span class='ocrx_word' id='word_1_332' title='bbox 1319 1906 1440 1934; x_wconf 83' lang='lat' dir='ltr'>nostra</span> <span class='ocrx_word' id='word_1_333' title='bbox 1456 1904 1581 1933; x_wconf 88' lang='lat' dir='ltr'>ultimo</span> <span class='ocrx_word' id='word_1_334' title='bbox 1598 1903 1727 1933; x_wconf 89' lang='lat' dir='ltr'>ibidem</span> 
     </span>
     <span class='ocr_line' id='line_1_42' title="bbox 343 1947 1728 1988; baseline 0 -11"><span class='ocrx_word' id='word_1_335' title='bbox 343 1947 526 1985; x_wconf 88' lang='lat' dir='ltr'>excercita,</span> <span class='ocrx_word' id='word_1_336' title='bbox 544 1947 742 1977; x_wconf 82' lang='lat' dir='ltr'>invenimus</span> <span class='ocrx_word' id='word_1_337' title='bbox 758 1957 860 1987; x_wconf 87' lang='lat' dir='ltr'>quam</span> <span class='ocrx_word' id='word_1_338' title='bbox 879 1958 1004 1987; x_wconf 81' lang='lat' dir='ltr'>graves</span> <span class='ocrx_word' id='word_1_339' title='bbox 1019 1948 1226 1988; x_wconf 84' lang='lat' dir='ltr'>jurgiorum,</span> <span class='ocrx_word' id='word_1_340' title='bbox 1244 1947 1510 1985; x_wconf 86' lang='lat' dir='ltr'>dissensionum,</span> <span class='ocrx_word' id='word_1_341' title='bbox 1527 1950 1563 1978; x_wconf 85' lang='lat' dir='ltr'>et</span> <span class='ocrx_word' id='word_1_342' title='bbox 1580 1947 1728 1978; x_wconf 90' lang='lat' dir='ltr'>scissure</span> 
     </span>
     <span class='ocr_line' id='line_1_43' title="bbox 344 1991 1727 2032; baseline 0 -11"><span class='ocrx_word' id='word_1_343' title='bbox 344 1991 520 2029; x_wconf 81' lang='lat' dir='ltr'>materias,</span> <span class='ocrx_word' id='word_1_344' title='bbox 550 1992 591 2021; x_wconf 91' lang='lat' dir='ltr'>de</span> <span class='ocrx_word' id='word_1_345' title='bbox 620 1992 745 2032; x_wconf 88' lang='lat' dir='ltr'>quibus</span> <span class='ocrx_word' id='word_1_346' title='bbox 769 2002 839 2022; x_wconf 92' lang='lat' dir='ltr'>non</span> <span class='ocrx_word' id='word_1_347' title='bbox 865 1992 1041 2022; x_wconf 90' lang='lat' dir='ltr'>modicum</span> <span class='ocrx_word' id='word_1_348' title='bbox 1064 1992 1297 2030; x_wconf 85' lang='lat' dir='ltr'>condolemus,</span> <span class='ocrx_word' id='word_1_349' title='bbox 1314 1992 1408 2022; x_wconf 86' lang='lat' dir='ltr'>inter</span> <span class='ocrx_word' id='word_1_350' title='bbox 1423 2002 1484 2022; x_wconf 78' lang='lat' dir='ltr'>vos</span> <span class='ocrx_word' id='word_1_351' title='bbox 1501 1992 1673 2022; x_wconf 81' lang='lat' dir='ltr'>Abbatem</span> <span class='ocrx_word' id='word_1_352' title='bbox 1692 1994 1727 2022; x_wconf 91' lang='lat' dir='ltr'>et</span> 
     </span>
     <span class='ocr_line' id='line_1_44' title="bbox 345 2036 1742 2076; baseline 0.001 -11"><span class='ocrx_word' id='word_1_353' title='bbox 345 2036 621 2066; x_wconf 85' lang='lat' dir='ltr'>Commonachos</span> <span class='ocrx_word' id='word_1_354' title='bbox 649 2038 785 2066; x_wconf 86' lang='lat' dir='ltr'>vestros</span> <span class='ocrx_word' id='word_1_355' title='bbox 817 2037 1021 2076; x_wconf 85' lang='lat' dir='ltr'>antiquitus,</span> <span class='ocrx_word' id='word_1_356' title='bbox 1054 2039 1169 2067; x_wconf 91' lang='lat' dir='ltr'>satore</span> <span class='ocrx_word' id='word_1_357' title='bbox 1196 2036 1351 2066; x_wconf 88' lang='lat' dir='ltr'>zizannie</span> <span class='ocrx_word' id='word_1_358' title='bbox 1374 2038 1593 2075; x_wconf 80' lang='lat' dir='ltr'>procurante,</span> <span class='ocrx_word' id='word_1_359' title='bbox 1619 2036 1742 2066; x_wconf 79' lang='lat' dir='ltr'>fuisse.</span> 
     </span>
     <span class='ocr_line' id='line_1_45' title="bbox 343 2080 1726 2120; baseline 0.001 -11"><span class='ocrx_word' id='word_1_360' title='bbox 343 2082 491 2117; x_wconf 80' lang='lat' dir='ltr'>exortas,</span> <span class='ocrx_word' id='word_1_361' title='bbox 519 2080 680 2120; x_wconf 86' lang='lat' dir='ltr'>ipsasque</span> <span class='ocrx_word' id='word_1_362' title='bbox 708 2080 875 2111; x_wconf 88' lang='lat' dir='ltr'>materias</span> <span class='ocrx_word' id='word_1_363' title='bbox 901 2081 942 2110; x_wconf 88' lang='lat' dir='ltr'>de</span> <span class='ocrx_word' id='word_1_364' title='bbox 967 2080 1089 2111; x_wconf 87' lang='lat' dir='ltr'>diebus</span> <span class='ocrx_word' id='word_1_365' title='bbox 1116 2080 1152 2110; x_wconf 89' lang='lat' dir='ltr'>in</span> <span class='ocrx_word' id='word_1_366' title='bbox 1180 2081 1263 2118; x_wconf 89' lang='lat' dir='ltr'>dies,</span> <span class='ocrx_word' id='word_1_367' title='bbox 1288 2081 1409 2110; x_wconf 90' lang='lat' dir='ltr'>eodem</span> <span class='ocrx_word' id='word_1_368' title='bbox 1427 2080 1571 2110; x_wconf 89' lang='lat' dir='ltr'>humani</span> <span class='ocrx_word' id='word_1_369' title='bbox 1588 2080 1726 2119; x_wconf 79' lang='lat' dir='ltr'>generis</span> 
     </span>
     <span class='ocr_line' id='line_1_46' title="bbox 343 2123 1725 2164; baseline 0 -11"><span class='ocrx_word' id='word_1_370' title='bbox 343 2124 484 2154; x_wconf 90' lang='lat' dir='ltr'>inimico</span> <span class='ocrx_word' id='word_1_371' title='bbox 501 2125 611 2154; x_wconf 88' lang='lat' dir='ltr'>eciam</span> <span class='ocrx_word' id='word_1_372' title='bbox 628 2124 791 2162; x_wconf 82' lang='lat' dir='ltr'>faciente,</span> <span class='ocrx_word' id='word_1_373' title='bbox 804 2125 1051 2155; x_wconf 82' lang='lat' dir='ltr'>vehemencius</span> <span class='ocrx_word' id='word_1_374' title='bbox 1064 2127 1320 2164; x_wconf 82' lang='lat' dir='ltr'>augmentatas,</span> <span class='ocrx_word' id='word_1_375' title='bbox 1332 2125 1421 2164; x_wconf 88' lang='lat' dir='ltr'>quod</span> <span class='ocrx_word' id='word_1_376' title='bbox 1435 2125 1594 2154; x_wconf 84' lang='lat' dir='ltr'>dolenter</span> <span class='ocrx_word' id='word_1_377' title='bbox 1606 2123 1725 2154; x_wconf 86' lang='lat' dir='ltr'>referi-</span> 
     </span>
     <span class='ocr_line' id='line_1_47' title="bbox 344 2168 1726 2209; baseline 0 -12"><span class='ocrx_word' id='word_1_378' title='bbox 344 2178 431 2207; x_wconf 78' lang='lat' dir='ltr'>mus,</span> <span class='ocrx_word' id='word_1_379' title='bbox 457 2178 578 2198; x_wconf 87' lang='lat' dir='ltr'>omnes</span> <span class='ocrx_word' id='word_1_380' title='bbox 600 2168 801 2209; x_wconf 82' lang='lat' dir='ltr'>hujusmodi</span> <span class='ocrx_word' id='word_1_381' title='bbox 824 2169 1030 2209; x_wconf 81' lang='lat' dir='ltr'>jurgiorum,</span> <span class='ocrx_word' id='word_1_382' title='bbox 1051 2169 1318 2207; x_wconf 86' lang='lat' dir='ltr'>dissensionum,</span> <span class='ocrx_word' id='word_1_383' title='bbox 1343 2169 1620 2205; x_wconf 73' lang='lat' dir='ltr'>contencionum,</span> <span class='ocrx_word' id='word_1_384' title='bbox 1637 2168 1726 2198; x_wconf 85' lang='lat' dir='ltr'>rixa-</span> 
     </span>
     <span class='ocr_line' id='line_1_48' title="bbox 344 2212 1727 2252; baseline 0 -10"><span class='ocrx_word' id='word_1_385' title='bbox 344 2222 432 2250; x_wconf 87' lang='lat' dir='ltr'>rum,</span> <span class='ocrx_word' id='word_1_386' title='bbox 464 2214 500 2243; x_wconf 88' lang='lat' dir='ltr'>et</span> <span class='ocrx_word' id='word_1_387' title='bbox 531 2213 680 2243; x_wconf 87' lang='lat' dir='ltr'>scissure</span> <span class='ocrx_word' id='word_1_388' title='bbox 710 2214 877 2243; x_wconf 88' lang='lat' dir='ltr'>materias</span> <span class='ocrx_word' id='word_1_389' title='bbox 909 2213 1128 2252; x_wconf 85' lang='lat' dir='ltr'>supradictas</span> <span class='ocrx_word' id='word_1_390' title='bbox 1158 2222 1275 2243; x_wconf 85' lang='lat' dir='ltr'>coram</span> <span class='ocrx_word' id='word_1_391' title='bbox 1306 2213 1406 2242; x_wconf 91' lang='lat' dir='ltr'>nobis</span> <span class='ocrx_word' id='word_1_392' title='bbox 1444 2213 1480 2242; x_wconf 86' lang='lat' dir='ltr'>in</span> <span class='ocrx_word' id='word_1_393' title='bbox 1513 2212 1727 2242; x_wconf 82' lang='lat' dir='ltr'>Visitacione</span> 
     </span>
     <span class='ocr_line' id='line_1_49' title="bbox 344 2256 1725 2296; baseline 0 -10"><span class='ocrx_word' id='word_1_394' title='bbox 344 2258 464 2286; x_wconf 84' lang='lat' dir='ltr'>nostra</span> <span class='ocrx_word' id='word_1_395' title='bbox 488 2257 687 2296; x_wconf 88' lang='lat' dir='ltr'>hujusmodi</span> <span class='ocrx_word' id='word_1_396' title='bbox 710 2260 917 2296; x_wconf 86' lang='lat' dir='ltr'>compertas,</span> <span class='ocrx_word' id='word_1_397' title='bbox 935 2257 1101 2295; x_wconf 83' lang='lat' dir='ltr'>detectas,</span> <span class='ocrx_word' id='word_1_398' title='bbox 1118 2267 1159 2287; x_wconf 87' lang='lat' dir='ltr'>ac</span> <span class='ocrx_word' id='word_1_399' title='bbox 1182 2257 1293 2287; x_wconf 90' lang='lat' dir='ltr'>eciam</span> <span class='ocrx_word' id='word_1_400' title='bbox 1317 2257 1415 2295; x_wconf 86' lang='lat' dir='ltr'>citra,</span> <span class='ocrx_word' id='word_1_401' title='bbox 1433 2259 1514 2287; x_wconf 88' lang='lat' dir='ltr'>ante</span> <span class='ocrx_word' id='word_1_402' title='bbox 1537 2256 1629 2287; x_wconf 88' lang='lat' dir='ltr'>diem</span> <span class='ocrx_word' id='word_1_403' title='bbox 1647 2266 1725 2286; x_wconf 90' lang='lat' dir='ltr'>con-</span> 
     </span>
     <span class='ocr_line' id='line_1_50' title="bbox 344 2300 1725 2341; baseline 0 -11"><span class='ocrx_word' id='word_1_404' title='bbox 344 2300 510 2331; x_wconf 87' lang='lat' dir='ltr'>feccionis</span> <span class='ocrx_word' id='word_1_405' title='bbox 535 2301 768 2339; x_wconf 89' lang='lat' dir='ltr'>Presencium,</span> <span class='ocrx_word' id='word_1_406' title='bbox 793 2304 917 2339; x_wconf 85' lang='lat' dir='ltr'>motas,</span> <span class='ocrx_word' id='word_1_407' title='bbox 941 2302 996 2332; x_wconf 75' lang='lat' dir='ltr'>vel</span> <span class='ocrx_word' id='word_1_408' title='bbox 1021 2301 1320 2341; x_wconf 84' lang='lat' dir='ltr'>qualitercumque</span> <span class='ocrx_word' id='word_1_409' title='bbox 1352 2301 1496 2339; x_wconf 86' lang='lat' dir='ltr'>delatas,</span> <span class='ocrx_word' id='word_1_410' title='bbox 1521 2301 1565 2331; x_wconf 89' lang='lat' dir='ltr'>ad</span> <span class='ocrx_word' id='word_1_411' title='bbox 1596 2301 1725 2331; x_wconf 88' lang='lat' dir='ltr'>bonum</span> 
     </span>
     <span class='ocr_line' id='line_1_51' title="bbox 344 2345 1726 2385; baseline 0 -11"><span class='ocrx_word' id='word_1_412' title='bbox 344 2345 438 2384; x_wconf 83' lang='lat' dir='ltr'>pacis</span> <span class='ocrx_word' id='word_1_413' title='bbox 456 2348 490 2375; x_wconf 85' lang='lat' dir='ltr'>et</span> <span class='ocrx_word' id='word_1_414' title='bbox 507 2345 699 2383; x_wconf 81' lang='lat' dir='ltr'>concordie,</span> <span class='ocrx_word' id='word_1_415' title='bbox 716 2346 806 2384; x_wconf 81' lang='lat' dir='ltr'>quod</span> <span class='ocrx_word' id='word_1_416' title='bbox 823 2356 886 2384; x_wconf 91' lang='lat' dir='ltr'>per</span> <span class='ocrx_word' id='word_1_417' title='bbox 901 2348 1099 2385; x_wconf 82' lang='lat' dir='ltr'>presentem</span> <span class='ocrx_word' id='word_1_418' title='bbox 1114 2345 1380 2376; x_wconf 87' lang='lat' dir='ltr'>Ordinacionem</span> <span class='ocrx_word' id='word_1_419' title='bbox 1394 2348 1550 2375; x_wconf 82' lang='lat' dir='ltr'>nostram</span> <span class='ocrx_word' id='word_1_420' title='bbox 1563 2345 1656 2374; x_wconf 91' lang='lat' dir='ltr'>intcr</span> <span class='ocrx_word' id='word_1_421' title='bbox 1666 2354 1726 2375; x_wconf 78' lang='lat' dir='ltr'>vos</span> 
     </span>
     <span class='ocr_line' id='line_1_52' title="bbox 344 2389 1725 2429; baseline 0 -11"><span class='ocrx_word' id='word_1_422' title='bbox 344 2389 519 2419; x_wconf 83' lang='lat' dir='ltr'>Abbatem</span> <span class='ocrx_word' id='word_1_423' title='bbox 536 2391 571 2419; x_wconf 88' lang='lat' dir='ltr'>et</span> <span class='ocrx_word' id='word_1_424' title='bbox 589 2389 864 2420; x_wconf 86' lang='lat' dir='ltr'>Commonachos</span> <span class='ocrx_word' id='word_1_425' title='bbox 880 2392 1015 2420; x_wconf 83' lang='lat' dir='ltr'>vestros</span> <span class='ocrx_word' id='word_1_426' title='bbox 1031 2390 1248 2419; x_wconf 86' lang='lat' dir='ltr'>intendimus</span> <span class='ocrx_word' id='word_1_427' title='bbox 1271 2389 1397 2427; x_wconf 80' lang='lat' dir='ltr'>facere,</span> <span class='ocrx_word' id='word_1_428' title='bbox 1422 2391 1457 2419; x_wconf 87' lang='lat' dir='ltr'>et</span> <span class='ocrx_word' id='word_1_429' title='bbox 1475 2398 1665 2429; x_wconf 84' lang='lat' dir='ltr'>speramus,</span> <span class='ocrx_word' id='word_1_430' title='bbox 1683 2389 1725 2418; x_wconf 85' lang='lat' dir='ltr'>de</span> 
     </span>
     <span class='ocr_line' id='line_1_53' title="bbox 344 2433 1724 2472; baseline -0.001 -9"><span class='ocrx_word' id='word_1_431' title='bbox 344 2443 516 2463; x_wconf 90' lang='lat' dir='ltr'>consensu</span> <span class='ocrx_word' id='word_1_432' title='bbox 541 2433 651 2464; x_wconf 83' lang='lat' dir='ltr'>eciam</span> <span class='ocrx_word' id='word_1_433' title='bbox 679 2443 719 2464; x_wconf 83' lang='lat' dir='ltr'>ac</span> <span class='ocrx_word' id='word_1_434' title='bbox 743 2434 924 2463; x_wconf 83' lang='lat' dir='ltr'>voluntate</span> <span class='ocrx_word' id='word_1_435' title='bbox 950 2434 1086 2472; x_wconf 84' lang='lat' dir='ltr'>vestris,</span> <span class='ocrx_word' id='word_1_436' title='bbox 1113 2444 1248 2464; x_wconf 82' lang='lat' dir='ltr'>necnon</span> <span class='ocrx_word' id='word_1_437' title='bbox 1275 2436 1311 2463; x_wconf 88' lang='lat' dir='ltr'>et</span> <span class='ocrx_word' id='word_1_438' title='bbox 1339 2434 1568 2463; x_wconf 88' lang='lat' dir='ltr'>submissione</span> <span class='ocrx_word' id='word_1_439' title='bbox 1596 2435 1724 2471; x_wconf 79' lang='lat' dir='ltr'>vestra,</span> 
     </span>
     <span class='ocr_line' id='line_1_54' title="bbox 344 2477 1725 2517; baseline -0.001 -10"><span class='ocrx_word' id='word_1_440' title='bbox 344 2477 482 2507; x_wconf 85' lang='lat' dir='ltr'>vinculo</span> <span class='ocrx_word' id='word_1_441' title='bbox 497 2477 688 2517; x_wconf 82' lang='lat' dir='ltr'>juramenti</span> <span class='ocrx_word' id='word_1_442' title='bbox 706 2479 741 2507; x_wconf 87' lang='lat' dir='ltr'>et</span> <span class='ocrx_word' id='word_1_443' title='bbox 758 2477 838 2507; x_wconf 86' lang='lat' dir='ltr'>fidei</span> <span class='ocrx_word' id='word_1_444' title='bbox 854 2478 1123 2517; x_wconf 85' lang='lat' dir='ltr'>interposicione</span> <span class='ocrx_word' id='word_1_445' title='bbox 1139 2480 1335 2507; x_wconf 86' lang='lat' dir='ltr'>vestrorum</span> <span class='ocrx_word' id='word_1_446' title='bbox 1348 2478 1487 2515; x_wconf 83' lang='lat' dir='ltr'>vallata,</span> <span class='ocrx_word' id='word_1_447' title='bbox 1500 2477 1600 2507; x_wconf 92' lang='lat' dir='ltr'>nobis</span> <span class='ocrx_word' id='word_1_448' title='bbox 1612 2477 1647 2506; x_wconf 89' lang='lat' dir='ltr'>in</span> <span class='ocrx_word' id='word_1_449' title='bbox 1660 2477 1725 2507; x_wconf 86' lang='lat' dir='ltr'>hac</span> 
     </span>
     <span class='ocr_line' id='line_1_55' title="bbox 344 2520 1724 2561; baseline -0.001 -10"><span class='ocrx_word' id='word_1_450' title='bbox 344 2524 444 2560; x_wconf 82' lang='lat' dir='ltr'>parte</span> <span class='ocrx_word' id='word_1_451' title='bbox 461 2521 566 2559; x_wconf 84' lang='lat' dir='ltr'>facta,</span> <span class='ocrx_word' id='word_1_452' title='bbox 584 2522 743 2551; x_wconf 88' lang='lat' dir='ltr'>totaliter</span> <span class='ocrx_word' id='word_1_453' title='bbox 759 2522 890 2561; x_wconf 86' lang='lat' dir='ltr'>sopitas</span> <span class='ocrx_word' id='word_1_454' title='bbox 907 2524 942 2551; x_wconf 85' lang='lat' dir='ltr'>et</span> <span class='ocrx_word' id='word_1_455' title='bbox 960 2522 1076 2552; x_wconf 86' lang='lat' dir='ltr'>finitas</span> <span class='ocrx_word' id='word_1_456' title='bbox 1100 2522 1175 2552; x_wconf 83' lang='lat' dir='ltr'>fore</span> <span class='ocrx_word' id='word_1_457' title='bbox 1192 2524 1227 2552; x_wconf 88' lang='lat' dir='ltr'>et</span> <span class='ocrx_word' id='word_1_458' title='bbox 1243 2531 1328 2560; x_wconf 86' lang='lat' dir='ltr'>esse,</span> <span class='ocrx_word' id='word_1_459' title='bbox 1347 2532 1386 2552; x_wconf 89' lang='lat' dir='ltr'>ac</span> <span class='ocrx_word' id='word_1_460' title='bbox 1402 2522 1630 2561; x_wconf 88' lang='lat' dir='ltr'>imposterum</span> <span class='ocrx_word' id='word_1_461' title='bbox 1649 2520 1724 2551; x_wconf 85' lang='lat' dir='ltr'>fore</span> 
     </span>
     <span class='ocr_line' id='line_1_56' title="bbox 344 2565 1724 2605; baseline -0.001 -10"><span class='ocrx_word' id='word_1_462' title='bbox 344 2566 479 2604; x_wconf 85' lang='lat' dir='ltr'>debere,</span> <span class='ocrx_word' id='word_1_463' title='bbox 496 2568 616 2596; x_wconf 87' lang='lat' dir='ltr'>tenore</span> <span class='ocrx_word' id='word_1_464' title='bbox 634 2566 857 2596; x_wconf 87' lang='lat' dir='ltr'>Presencium</span> <span class='ocrx_word' id='word_1_465' title='bbox 874 2566 1075 2596; x_wconf 86' lang='lat' dir='ltr'>ordinamus</span> <span class='ocrx_word' id='word_1_466' title='bbox 1099 2568 1134 2596; x_wconf 86' lang='lat' dir='ltr'>et</span> <span class='ocrx_word' id='word_1_467' title='bbox 1158 2566 1414 2603; x_wconf 81' lang='lat' dir='ltr'>constituimus,</span> <span class='ocrx_word' id='word_1_468' title='bbox 1439 2566 1587 2595; x_wconf 87' lang='lat' dir='ltr'>firmiter</span> <span class='ocrx_word' id='word_1_469' title='bbox 1609 2565 1724 2605; x_wconf 87' lang='lat' dir='ltr'>injun-</span> 
     </span>
     <span class='ocr_line' id='line_1_57' title="bbox 343 2608 1724 2649; baseline -0.001 -10"><span class='ocrx_word' id='word_1_470' title='bbox 343 2612 466 2647; x_wconf 68' lang='lat' dir='ltr'>gentes</span> <span class='ocrx_word' id='word_1_471' title='bbox 483 2610 581 2640; x_wconf 88' lang='lat' dir='ltr'>vobis</span> <span class='ocrx_word' id='word_1_472' title='bbox 597 2610 737 2647; x_wconf 87' lang='lat' dir='ltr'>Abbati,</span> <span class='ocrx_word' id='word_1_473' title='bbox 754 2620 794 2640; x_wconf 87' lang='lat' dir='ltr'>ac</span> <span class='ocrx_word' id='word_1_474' title='bbox 812 2610 958 2649; x_wconf 75' lang='lat' dir='ltr'>singulis</span> <span class='ocrx_word' id='word_1_475' title='bbox 975 2610 1243 2640; x_wconf 88' lang='lat' dir='ltr'>Commonachis</span> <span class='ocrx_word' id='word_1_476' title='bbox 1256 2610 1391 2647; x_wconf 91' lang='lat' dir='ltr'>vestris,</span> <span class='ocrx_word' id='word_1_477' title='bbox 1404 2610 1440 2639; x_wconf 89' lang='lat' dir='ltr'>in</span> <span class='ocrx_word' id='word_1_478' title='bbox 1453 2609 1583 2639; x_wconf 76' lang='lat' dir='ltr'>virtute</span> <span class='ocrx_word' id='word_1_479' title='bbox 1598 2608 1724 2639; x_wconf 81' lang='lat' dir='ltr'>Sancte</span> 
     </span>
     <span class='ocr_line' id='line_1_58' title="bbox 344 2653 1724 2694; baseline -0.001 -11"><span class='ocrx_word' id='word_1_480' title='bbox 344 2654 552 2684; x_wconf 82' lang='lat' dir='ltr'>Obediencie</span> <span class='ocrx_word' id='word_1_481' title='bbox 569 2664 610 2684; x_wconf 84' lang='lat' dir='ltr'>ac</span> <span class='ocrx_word' id='word_1_482' title='bbox 625 2654 815 2694; x_wconf 85' lang='lat' dir='ltr'>juramenti</span> <span class='ocrx_word' id='word_1_483' title='bbox 834 2657 869 2684; x_wconf 89' lang='lat' dir='ltr'>et</span> <span class='ocrx_word' id='word_1_484' title='bbox 885 2654 964 2684; x_wconf 89' lang='lat' dir='ltr'>fidei</span> <span class='ocrx_word' id='word_1_485' title='bbox 981 2654 1261 2693; x_wconf 84' lang='lat' dir='ltr'>interposicionis</span> <span class='ocrx_word' id='word_1_486' title='bbox 1271 2656 1466 2684; x_wconf 88' lang='lat' dir='ltr'>vestrorum</span> <span class='ocrx_word' id='word_1_487' title='bbox 1477 2653 1724 2693; x_wconf 85' lang='lat' dir='ltr'>predictorum,</span> 
     </span>
     <span class='ocr_line' id='line_1_59' title="bbox 344 2698 1724 2737; baseline -0.001 -10"><span class='ocrx_word' id='word_1_488' title='bbox 344 2700 383 2727; x_wconf 86' lang='lat' dir='ltr'>ut</span> <span class='ocrx_word' id='word_1_489' title='bbox 400 2698 515 2727; x_wconf 89' lang='lat' dir='ltr'>nullus</span> <span class='ocrx_word' id='word_1_490' title='bbox 532 2700 687 2728; x_wconf 82' lang='lat' dir='ltr'>vestrum</span> <span class='ocrx_word' id='word_1_491' title='bbox 705 2698 857 2737; x_wconf 83' lang='lat' dir='ltr'>aliquam</span> <span class='ocrx_word' id='word_1_492' title='bbox 874 2698 1058 2728; x_wconf 85' lang='lat' dir='ltr'>materiam</span> <span class='ocrx_word' id='word_1_493' title='bbox 1076 2698 1311 2736; x_wconf 88' lang='lat' dir='ltr'>dissensionis,</span> <span class='ocrx_word' id='word_1_494' title='bbox 1329 2698 1412 2736; x_wconf 86' lang='lat' dir='ltr'>rixe,</span> <span class='ocrx_word' id='word_1_495' title='bbox 1429 2698 1488 2735; x_wconf 88' lang='lat' dir='ltr'>ire,</span> <span class='ocrx_word' id='word_1_496' title='bbox 1506 2699 1567 2727; x_wconf 86' lang='lat' dir='ltr'>aut</span> <span class='ocrx_word' id='word_1_497' title='bbox 1584 2699 1724 2727; x_wconf 81' lang='lat' dir='ltr'>conten-</span> 
     </span>
     <span class='ocr_line' id='line_1_60' title="bbox 343 2741 1726 2782; baseline -0.001 -11"><span class='ocrx_word' id='word_1_498' title='bbox 343 2741 452 2771; x_wconf 84' lang='lat' dir='ltr'>cionis</span> <span class='ocrx_word' id='word_1_499' title='bbox 480 2742 729 2782; x_wconf 85' lang='lat' dir='ltr'>cujuscumque</span> <span class='ocrx_word' id='word_1_500' title='bbox 755 2743 847 2772; x_wconf 89' lang='lat' dir='ltr'>inter</span> <span class='ocrx_word' id='word_1_501' title='bbox 873 2752 934 2772; x_wconf 83' lang='lat' dir='ltr'>vos</span> <span class='ocrx_word' id='word_1_502' title='bbox 959 2742 1132 2772; x_wconf 88' lang='lat' dir='ltr'>Abbatem</span> <span class='ocrx_word' id='word_1_503' title='bbox 1157 2746 1192 2772; x_wconf 90' lang='lat' dir='ltr'>et</span> <span class='ocrx_word' id='word_1_504' title='bbox 1210 2741 1487 2772; x_wconf 87' lang='lat' dir='ltr'>Commonachos</span> <span class='ocrx_word' id='word_1_505' title='bbox 1503 2744 1647 2778; x_wconf 81' lang='lat' dir='ltr'>vestros,</span> <span class='ocrx_word' id='word_1_506' title='bbox 1665 2743 1726 2770; x_wconf 89' lang='lat' dir='ltr'>aut</span> 
     </span>
     <span class='ocr_line' id='line_1_61' title="bbox 342 2785 1724 2824; baseline -0.001 -9"><span class='ocrx_word' id='word_1_507' title='bbox 342 2786 491 2824; x_wconf 83' lang='lat' dir='ltr'>aliquem</span> <span class='ocrx_word' id='word_1_508' title='bbox 507 2786 790 2824; x_wconf 80' lang='lat' dir='ltr'>eoru1n(1e111,seu</span> <span class='ocrx_word' id='word_1_509' title='bbox 803 2786 867 2816; x_wconf 90' lang='lat' dir='ltr'>sibi</span> <span class='ocrx_word' id='word_1_510' title='bbox 879 2786 1027 2817; x_wconf 85' lang='lat' dir='ltr'>invicem</span> <span class='ocrx_word' id='word_1_511' title='bbox 1041 2788 1123 2816; x_wconf 85' lang='lat' dir='ltr'>ante</span> <span class='ocrx_word' id='word_1_512' title='bbox 1137 2786 1227 2816; x_wconf 87' lang='lat' dir='ltr'>diem</span> <span class='ocrx_word' id='word_1_513' title='bbox 1243 2785 1474 2816; x_wconf 74' lang='lat' dir='ltr'>confeccionis</span> <span class='ocrx_word' id='word_1_514' title='bbox 1488 2785 1724 2822; x_wconf 84' lang='lat' dir='ltr'>Presencium,</span> 
     </span>
     <span class='ocr_line' id='line_1_62' title="bbox 342 2828 1724 2870; baseline 0 -12"><span class='ocrx_word' id='word_1_515' title='bbox 342 2831 381 2858; x_wconf 85' lang='lat' dir='ltr'>ut</span> <span class='ocrx_word' id='word_1_516' title='bbox 398 2830 599 2868; x_wconf 85' lang='lat' dir='ltr'>predicitur,</span> <span class='ocrx_word' id='word_1_517' title='bbox 629 2830 844 2868; x_wconf 73' lang='lat' dir='ltr'>suscitatam,</span> <span class='ocrx_word' id='word_1_518' title='bbox 872 2840 1021 2869; x_wconf 79' lang='lat' dir='ltr'>movere,</span> <span class='ocrx_word' id='word_1_519' title='bbox 1038 2830 1183 2869; x_wconf 84' lang='lat' dir='ltr'>agitare,</span> <span class='ocrx_word' id='word_1_520' title='bbox 1200 2830 1371 2870; x_wconf 88' lang='lat' dir='ltr'>prosequi,</span> <span class='ocrx_word' id='word_1_521' title='bbox 1389 2839 1450 2860; x_wconf 88' lang='lat' dir='ltr'>seu</span> <span class='ocrx_word' id='word_1_522' title='bbox 1466 2828 1724 2869; x_wconf 85' lang='lat' dir='ltr'>quomodolibet</span> 
     </span>
     <span class='ocr_line' id='line_1_63' title="bbox 341 2873 1722 2915; baseline 0 -12"><span class='ocrx_word' id='word_1_523' title='bbox 341 2873 508 2904; x_wconf 81' lang='lat' dir='ltr'>suscitare</span> <span class='ocrx_word' id='word_1_524' title='bbox 526 2877 714 2915; x_wconf 84' lang='lat' dir='ltr'>presumat,</span> <span class='ocrx_word' id='word_1_525' title='bbox 733 2874 796 2904; x_wconf 87' lang='lat' dir='ltr'>sub</span> <span class='ocrx_word' id='word_1_526' title='bbox 814 2884 903 2915; x_wconf 79' lang='lat' dir='ltr'>pena</span> <span class='ocrx_word' id='word_1_527' title='bbox 921 2874 1302 2906; x_wconf 81' lang='lat' dir='ltr'>Excommunicacionis</span> <span class='ocrx_word' id='word_1_528' title='bbox 1320 2873 1472 2915; x_wconf 82' lang='lat' dir='ltr'>Majoris,</span> <span class='ocrx_word' id='word_1_529' title='bbox 1491 2883 1593 2914; x_wconf 79' lang='lat' dir='ltr'>quam</span> <span class='ocrx_word' id='word_1_530' title='bbox 1612 2873 1647 2902; x_wconf 86' lang='lat' dir='ltr'>iu</span> <span class='ocrx_word' id='word_1_531' title='bbox 1661 2882 1722 2903; x_wconf 88' lang='lat' dir='ltr'>vos</span> 
     </span>
    </p>
   </div>
  </div>
 </body>
</html>
