1907 3212
150 437 224 464 A.D.

150 472 222 497 1388.

150 503 212 530 Vol.
230 504 250 530 1.

150 536 197 563 sol.
212 538 269 564 190.

467 340 753 374 REGISTRUM
791 339 1243 374 COMMUNE—ANNO
1285 331 1378 373 19⁰.
1591 331 1684 374 669

305 450 366 472 vos
383 441 541 481 superius
557 442 754 473 nominatos
771 442 813 473 de
829 441 990 473 omnibus
1010 441 1111 472 bonis
1127 451 1192 482 que
1216 441 1351 482 majora
1367 451 1441 472 esse
1459 441 1688 472 dinoscuntur

306 487 342 515 et
357 486 593 517 estimacionis
604 487 682 517 vilis
694 497 763 517 non
774 487 929 518 existunt
945 486 1029 516 dicti
1044 486 1257 523 Monasterii,
1270 489 1343 515 tam
1357 485 1450 516 infra
1463 496 1565 525 quam
1578 488 1686 524 extra,

306 529 407 560 fidele
424 530 665 560 Inventarium
678 531 903 570 concipiatur,
915 540 954 561 ac
972 530 1035 561 sub
1057 530 1153 560 salva
1165 530 1324 560 custodia
1340 532 1460 569 postea
1477 530 1687 567 dimittatur,

306 576 346 603 ut
378 574 419 604 de
452 576 547 605 statu
574 575 778 605 Monasterii
809 575 977 605 antedicti
1009 574 1224 613 temporibus
1250 574 1379 604 futuris
1407 574 1534 604 clarius
1558 574 1688 613 poterit

307 618 634 657 apparere—ITEM,
651 619 853 649 ordinamus
869 619 957 658 quod
975 618 1161 649 elemosine
1179 618 1295 648 debite
1319 620 1354 648 et
1374 620 1537 648 consuete
1554 619 1590 648 in
1612 618 1687 658 ipso

308 661 530 701 Monasterio,
549 663 622 693 sine
640 663 873 694 diminucione
887 663 1002 702 aliqua
1015 663 1056 692 de
1074 665 1189 693 cetero
1205 664 1394 702 erogentur
1407 675 1414 699 ;
1439 663 1636 702 infirmique
1653 664 1688 692 et

308 705 492 737 debiliores
509 707 624 746 sepius
636 707 833 745 visitentur,
851 717 891 737 ac
907 707 1069 745 congruis
1085 706 1267 736 medicinis
1284 709 1319 736 et
1335 706 1474 736 cibariis
1492 706 1689 737 salubribus

307 753 559 789 proeurentur3
588 751 787 791 Domusque
805 751 1037 781 Misericordia
1060 750 1253 790 vulgariter
1273 753 1475 789 nuncupata
1491 761 1553 790 pro
1570 750 1690 780 usibus

307 793 507 834 hujusmodi
531 795 749 825 infirmorum
775 795 967 832 dumtaxat,
992 797 1027 825 et
1050 804 1121 824 non
1145 795 1231 832 aliis,
1257 794 1454 834 deputetur,
1472 796 1575 834 prout
1600 794 1689 824 anti-

308 838 426 877 quitus
450 839 525 869 fieri
549 839 887 874 consuevit—ITEM,
913 839 1124 878 precipimus
1152 838 1243 878 quod
1269 838 1310 868 de
1335 840 1450 868 cetero
1477 839 1630 868 Juvencs
1655 841 1691 868 et

308 882 444 913 Novicii
466 893 535 913 non
552 883 788 914 admittantur
812 883 855 913 ad
877 883 1015 922 aliquod
1040 882 1199 913 Officium
1222 882 1415 921 regendum
1442 884 1477 912 et
1494 882 1690 921 gubernan-

309 926 402 964 dum,
419 926 513 957 infra
529 927 582 957 vel
606 930 705 958 extra
729 927 990 965 Monasterium,
1014 937 1190 966 quousque
1215 927 1400 957 servicium
1423 926 1639 956 reddiderint
1655 926 1692 956 in

311 969 439 1001 Ordine
463 973 688 1009 consuetum3
713 974 766 1001 set
789 971 942 1001 habeant
966 980 1046 1001 suos
1070 971 1267 1010 Magistros,
1285 970 1340 1000 vel
1364 971 1489 1001 saltem
1511 981 1630 1009 unum,
1647 971 1691 1000 ad

309 1013 386 1045 illos
402 1015 625 1045 instruendos
641 1018 715 1046 tam
732 1015 768 1045 in
793 1015 956 1045 Serviciis
980 1015 1115 1045 Divinis
1132 1025 1235 1054 quam
1252 1015 1288 1044 in
1311 1015 1541 1054 Regularibus
1559 1015 1690 1054 Discip-

310 1057 400 1089 linis.
458 1059 504 1089 Et
531 1059 621 1098 quod
652 1069 772 1090 omnes
799 1062 835 1090 et
867 1059 995 1099 singuli
1027 1059 1189 1089 Monachi
1221 1058 1425 1089 Monasterii
1453 1059 1643 1098 supradicti
1672 1069 1692 1088 a

310 1102 477 1133 conviviis
500 1103 649 1143 publicis
669 1106 704 1134 et
727 1103 874 1143 privatis
893 1113 933 1134 ac
957 1103 1207 1142 potacionibus,
1232 1103 1448 1142 temporibus
1475 1106 1510 1133 et
1536 1103 1620 1133 locis
1641 1102 1691 1132 in-

310 1146 447 1185 debitis,
464 1147 626 1186 precipue
643 1152 722 1187 post
740 1147 1023 1187 Completorium,
1041 1157 1077 1177 se
1094 1147 1304 1185 abstineant,
1318 1150 1357 1176 ut
1373 1149 1549 1185 tenentur,
1566 1147 1633 1177 nisi
1650 1147 1692 1177 de

310 1190 459 1221 Abbatis
474 1191 540 1230 vel,
564 1191 601 1221 in
624 1191 733 1231 ipsius
757 1192 928 1230 absencia,
954 1191 1083 1222 Prioris
1106 1191 1252 1222 licencia
1274 1191 1386 1230 petita
1401 1191 1565 1230 primitus
1582 1194 1617 1222 et
1634 1201 1690 1230 op—

311 1236 420 1265 tenta.
468 1235 514 1265 Et
540 1245 610 1266 non
634 1236 790 1266 revelent
814 1235 988 1266 extraneis
1013 1237 1144 1265 statum
1169 1245 1233 1265 nec
1257 1235 1439 1265 consilium
1463 1235 1604 1273 Domus,
1630 1244 1694 1265 nec

310 1278 455 1309 mittant
465 1279 610 1318 Literas,
624 1282 664 1309 ut
677 1280 844 1318 solebant,
859 1279 932 1310 sine
946 1289 1126 1318 consensu,
1139 1279 1297 1317 sciencia,
1309 1281 1344 1309 et
1356 1279 1536 1309 voluntate
1546 1279 1694 1309 Abbatis

310 1322 365 1352 vel
383 1323 531 1360 Prioris;
556 1325 591 1353 et
608 1324 698 1363 quod
715 1333 831 1354 coram
849 1323 1019 1361 omnibus
1037 1326 1110 1354 tam
1127 1323 1162 1353 in
1182 1323 1342 1362 Capitulo
1355 1333 1459 1362 quam
1472 1323 1565 1361 alibi,
1578 1323 1694 1362 sepius

310 1366 474 1405 legantur
504 1370 540 1397 et
571 1370 790 1406 exponantur
822 1368 955 1406 Regula
987 1367 1105 1397 Sancti
1138 1367 1317 1397 Benedicti
1350 1370 1385 1397 et
1414 1367 1694 1397 Constituciones

311 1410 469 1450 ejusdem
487 1411 627 1442 Ordinis
643 1412 679 1441 in
696 1411 761 1442 hac
778 1414 877 1451 parte
901 1411 967 1442 rite
992 1412 1095 1449 edite,
1111 1412 1174 1441 sub
1192 1411 1290 1450 penis
1304 1411 1463 1450 superius
1480 1411 1695 1442 limitans.—

311 1454 411 1493 ΙΤΕΜ,
437 1455 638 1486 ordinamus
662 1456 753 1496 quod
778 1456 876 1486 Prior
903 1456 1034 1486 Domus
1062 1456 1228 1485 Misteriis
1251 1456 1395 1492 Divinis,
1421 1465 1461 1485 ac
1488 1455 1694 1493 Conventui,

311 1499 433 1529 diebus
457 1502 493 1530 et
516 1500 678 1530 noctibus
702 1500 835 1530 solicite
863 1499 1034 1537 intendat,
1059 1503 1094 1530 et
1122 1510 1191 1529 non
1219 1500 1311 1530 circa
1335 1499 1402 1529 alia
1430 1500 1575 1538 negocia
1603 1500 1695 1530 dicte

312 1543 453 1581 Domus,
480 1546 623 1584 propter
649 1554 714 1584 que
741 1545 784 1574 ab
810 1544 877 1574 hiis
905 1554 970 1584 que
998 1544 1043 1574 ad
1075 1544 1229 1574 Priorem
1259 1543 1491 1574 Claustralem
1518 1544 1695 1582 pertinent

312 1588 570 1626 quomodolibet
594 1588 724 1628 poterit
747 1588 919 1628 impediri.
977 1588 1021 1618 Et
1049 1588 1167 1625 faciat,
1192 1588 1313 1626 eciam,
1340 1587 1494 1618 Sacrista
1517 1588 1635 1617 lumen
1659 1588 1695 1617 in

311 1631 515 1662 dormitorio
534 1632 723 1672 preparari.
772 1633 816 1662 Et
839 1632 930 1672 quod
954 1632 1068 1663 dictus
1092 1632 1221 1669 Abbas,
1247 1642 1307 1662 seu
1331 1632 1424 1662 idem
1450 1632 1557 1669 Prior,
1575 1632 1696 1662 audiat

314 1675 558 1706 Confessiones
590 1676 862 1714 Monachorum3
894 1677 949 1706 vel
974 1677 1162 1715 deputetur
1185 1676 1310 1715 aliquis
1337 1676 1493 1716 ydoneus
1517 1686 1579 1715 per
1602 1676 1696 1715 ipsos

312 1719 357 1749 ad
382 1719 468 1749 illud
499 1720 658 1750 Officium
690 1721 1088 1760 peragenduni.—1TEM‚
1115 1730 1296 1750 monemus
1322 1730 1443 1750 omnes
1475 1724 1509 1750 ct
1541 1720 1696 1758 singulos

313 1763 502 1795 Monachos
529 1764 621 1795 dicte
652 1765 784 1795 Domus
815 1765 905 1804 quod
937 1765 1140 1794 obedienter
1170 1766 1318 1803 pareant
1351 1764 1593 1803 Superioribus
1625 1765 1696 1794 suis

313 1806 349 1836 in
380 1807 485 1838 licitis
516 1810 552 1838 et
580 1808 764 1839 Canonicis
791 1808 977 1846 mandatis,
1002 1811 1037 1839 et
1065 1808 1254 1847 condignas
1286 1818 1348 1847 pro
1380 1808 1515 1837 meritis
1548 1808 1696 1838 subeant

314 1851 558 1882 correcciones.
613 1853 851 1891 Provideatur,
877 1853 998 1890 eciam,
1022 1862 1084 1891 per
1109 1852 1369 1882 Gubernatores
1396 1853 1528 1882 Domus
1554 1852 1596 1882 de
1622 1853 1696 1882 viro

314 1905 376 1934 pro
392 1895 504 1926 officio
520 1896 651 1927 lotricis
667 1899 702 1926 et
719 1897 865 1927 aliorum
891 1896 1092 1934 officiorum,
1117 1906 1195 1925 cum
1220 1896 1362 1926 comode
1387 1896 1459 1926 fieri
1483 1896 1621 1935 poterit,
1647 1897 1697 1926 ita

314 1939 404 1978 quod
421 1940 583 1970 mulieres
600 1950 669 1970 non
686 1941 837 1971 habeant
854 1941 1040 1970 materiam
1057 1940 1275 1978 ingrediendi
1302 1941 1551 1970 Monasterium
1577 1951 1695 1980 supra-

314 1982 604 2021 dictum.—I'1·EM‚
622 1985 827 2024 provideant
848 1985 1036 2015 Precentor
1060 1984 1212 2014 Ecclesie
1238 1987 1273 2014 et
1299 1984 1558 2014 Gubernatores
1578 1995 1695 2024 snpra«

315 2027 399 2057 dicti
423 2027 514 2067 quod
538 2028 617 2058 libri
640 2028 677 2058 in
702 2029 858 2058 Librario
882 2029 1080 2066 existentes,
1099 2028 1328 2065 Vestimenta,
1346 2030 1381 2058 et
1399 2032 1515 2058 cetera
1540 2029 1695 2059 Ecclesie

316 2072 539 2109 Ornamenta,
566 2082 701 2102 necnon
726 2076 761 2102 et
787 2073 918 2102 Domus
946 2073 1141 2102 necessaria
1172 2073 1255 2101 dicti
1283 2073 1494 2111 Monastcrii,
1524 2076 1696 2112 quatenus

315 2115 405 2144 bona
421 2115 577 2155 ejusdem
595 2116 639 2146 ad
655 2117 719 2146 hoc
736 2117 891 2147 sufficere
909 2119 1083 2156 poterunt,
1102 2127 1179 2145 cum
1198 2117 1323 2146 ceteris
1334 2117 1496 2147 oneribus
1511 2117 1695 2147 emenden-

315 2159 451 2189 dentur.
499 2160 724 2199 Precipimus,
747 2161 898 2200 insuper,
916 2161 1141 2201 injungimus
1159 2163 1193 2190 ct
1210 2161 1417 2190 mandamus
1443 2161 1539 2191 vobis
1556 2161 1696 2199 Abbati,

316 2203 480 2242 quatinus
497 2214 582 2243 opus
598 2204 729 2235 fabrice
742 2205 954 2244 Campanilis
970 2205 1042 2244 jam
1060 2205 1237 2245 inceptum
1255 2205 1479 2235 continuetur
1495 2210 1529 2235 et
1547 2206 1695 2245 complc-

315 2252 412 2283 atur;
431 2257 470 2277 ac
488 2249 671 2287 presertim
697 2248 854 2279 defectus
878 2249 911 2278 in
938 2249 1159 2285 Dormitorio,
1179 2249 1386 2285 llefectorio,
1403 2252 1438 2279 et
1457 2250 1617 2279 Claustro
1633 2251 1695 2279 im-

316 2291 488 2321 minentes
506 2296 745 2332 repparentur,
767 2303 825 2323 scu
843 2294 917 2323 loca
934 2293 1008 2333 ipsa
1032 2293 1285 2327 reedificentur,
1303 2293 1515 2332 quamcicius
1540 2294 1613 2324 ticri
1639 2305 1695 2333 po-

316 2335 399 2365 terit
417 2340 666 2375 competenter,
687 2337 750 2367 sub
768 2347 855 2376 pena
872 2337 1005 2377 juris.—-
1018 2337 1117 2374 ITEM,
1135 2337 1352 2376 injungimus
1369 2340 1407 2367 ut
1425 2337 1557 2367 faciant
1583 2338 1696 2368 hostia

319 2379 470 2409 Claustri
498 2380 590 2410 horis
618 2381 898 2421 competentibus
920 2381 1033 2411 claudi
1061 2382 1208 2411 tirmiter
1239 2385 1273 2411 et
1302 2381 1431 2418 serari3
1465 2392 1526 2411 nec
1552 2382 1696 2412 mittant

318 2423 394 2462 ipsi,
412 2429 472 2453 aut
490 2425 695 2463 permittant
713 2428 846 2455 ceteros
865 2426 1050 2455 Monacbos
1070 2426 1269 2455 Monasterii
1288 2425 1453 2464 sepedicti
1473 2426 1611 2455 mittere
1636 2430 1697 2456 aut

319 2467 468 2497 vendere
486 2478 621 2507 panem,
640 2469 831 2505 cervisiam,
850 2480 980 2504 carnes,
999 2470 1120 2508 pisces,
1139 2473 1199 2499 aut
1217 2470 1283 2499 alia
1300 2469 1465 2499 victualia
1481 2480 1697 2509 quecumque

319 2514 418 2542 extra
437 2512 697 2551 Monastcrium,
715 2514 804 2543 sicut
822 2514 990 2543 hactenus
1009 2514 1079 2543 lieri
1098 2513 1288 2547 consucvit,
1308 2516 1359 2543 set
1377 2514 1418 2543 de
1435 2513 1645 2551 fragmentis
1662 2518 1697 2544 ct

319 2557 581 2587 remanentibus
598 2557 759 2596 disponat
776 2557 1056 2595 Elemosinarius,
1075 2562 1176 2597 prout
1194 2558 1237 2587 nd
1255 2557 1411 2587 Officium
1432 2567 1530 2587 suum
1546 2559 1698 2597 pertinet

321 2602 355 2629 ct
371 2599 546 2630 videbitur
563 2602 742 2640 expcdire3
768 2602 833 2631 nisi
851 2602 1002 2641 ipsorum
1021 2602 1191 2641 quispiam
1211 2604 1346 2640 patrem
1365 2602 1417 2631 vel
1436 2604 1594 2639 matrem,
1612 2603 1697 2632 t'rat-

320 2653 392 2673 rem
410 2648 470 2673 aut
496 2654 648 2675 sororem
674 2656 861 2685 pauperem
887 2646 1045 2675 babuerit
1072 2656 1132 2675 scu
1157 2656 1326 2682 cgcnunu
1351 2648 1385 2675 ct
1404 2648 1487 2675 tunc·
1506 2646 1569 2676 11υο
1588 2647 1696 2676 faciat

321 2687 362 2717 de
386 2688 532 2718 Abbatis
549 2690 614 2726 vel,
632 2690 665 2719 in
684 2690 792 2729 ipsius
814 2690 985 2727 absencia,
1012 2690 1139 2719 Prioris
1165 2689 1307 2719 licencia
1333 2691 1698 2728 p1·col‘›tcnta,—ITEM,

320 2732 540 2771 precipimus,
558 2733 783 2773 injungimus,
801 2738 836 2763 et
854 2734 1059 2763 mandamus
1077 2733 1165 2772 quod
1185 2733 1300 2763 nullus
1324 2734 1514 2763 Monachus
1527 2734 1610 2763 dicti
1630 2735 1698 2764 Mo-

321 2777 474 2814 nastcrii‚
503 2781 619 2816 preter
645 2778 835 2808 Officiarios
860 2778 1086 2817 supradictos,
1113 2779 1212 2807 exeat
1242 2780 1339 2816 septa
1364 2777 1472 2817 ipsius
1499 2778 1700 2809 Monasterii

320 2820 387 2850 nisi
405 2821 559 2856 licencia,
584 2824 623 2851 ut
647 2822 873 2861 premittitur,
899 2822 1010 2861 petita
1033 2822 1142 2851 eciam
1161 2824 1195 2851 et
1213 2824 1378 2860 optenta3
1404 2831 1467 2852 nec
1484 2822 1702 2861 ingrediatur

320 2864 539 2895 Cimiterium
558 2866 710 2896 Ecclesie
736 2866 947 2896 Parocbialis
972 2865 1212 2905 Tavystocbie,
1230 2865 1368 2905 prefato
1394 2866 1605 2895 Mouastcrio
1623 2878 1700 2896 con-

323 2908 469 2947 tiguum,
495 2914 555 2940 aut
582 2910 772 2941 Ecclesiam
799 2910 1035 2940 Parochialem
1066 2910 1299 2948 antedictam5
1329 2919 1390 2940 seu
1415 2909 1449 2939 in
1474 2909 1616 2949 eisdem,
1641 2914 1701 2941 aut

336 2965 371 2998 H
