1907 3212
197 302 292 349 900
403 316 503 349 THE
540 314 779 349 REGISTER
817 313 876 347 OF
911 313 1091 348 BISHOP
1126 312 1526 347 BRANTYNGHAM.

195 417 281 445 [AD.
352 430 430 451 mus
446 422 482 451 et
499 419 704 460 exponimus
720 418 914 450 cauciones.
962 418 1004 448 In
1028 418 1128 459 cujus
1152 417 1203 448 rei
1227 417 1467 448 testimonium
1492 417 1644 457 sigillum
1670 417 1734 447 De-

195 451 310 481 1308-9.]
352 467 498 495 canatus
516 464 705 495 Peculiaris
721 463 742 494 J
744 463 984 493 urisdiccionis
1001 462 1043 493 de
1060 463 1197 493 Penren
1214 462 1440 493 Presentibus
1462 461 1590 502 apponi
1613 470 1734 501 procu-

349 509 514 539 ravimus.
562 509 693 539 Datum
717 507 810 547 apud
834 507 980 545 Penren,
997 507 1076 547 viij0
1093 507 1148 537 die
1173 507 1303 537 mensis
1328 506 1459 544 Marcii,
1476 506 1578 536 Anno
1595 504 1735 536 Domini

351 553 413 584 ΜΟ.
428 553 482 584 CC
488 553 559 583 C¹¹¹0
576 552 937 590 octavo‚—-hu1niliter
953 551 1152 591 supplicans
1168 554 1203 581 et
1219 551 1394 581 instanter
1409 552 1533 590 petens
1548 552 1588 580 ut
1605 549 1735 580 dictam

351 597 538 637 Capellam,
554 597 602 628 sic
616 596 882 636 dependentem,
894 606 974 626 cum
988 596 1169 626 Cimiterio
1186 605 1256 633 suo,
1271 604 1473 625 consecrare
1490 594 1734 634 dignaremur3

349 642 562 681 pretendens
578 644 613 671 et
630 641 814 680 assignans
830 641 961 671 multas
978 650 1101 671 causas
1117 640 1332 670 necessarias
1349 641 1385 669 et
1404 639 1569 670 honestas
1591 640 1735 678 propter

348 696 434 726 quas
450 686 527 726 ipsa
544 686 696 726 Capella,
714 695 793 715 cum
811 685 991 716 Cimiterio
1014 695 1085 723 suo,
1103 684 1299 715 consecrari
1323 683 1475 721 deberet,
1492 693 1555 723 pro
1579 693 1620 713 eo
1643 682 1735 722 quod

348 730 425 770 ipsa
442 730 583 770 Capella
598 740 661 770 per
676 733 826 769 quatuor
842 729 992 766 miliaria
1008 738 1029 759 a
1052 728 1198 759 Matrice
1216 728 1371 759 Ecclesia
1388 728 1506 765 distat,
1524 729 1560 757 et
1582 727 1619 757 in
1643 726 1734 757 dela-

348 775 446 806 cione
463 785 646 815 corporum
666 774 803 804 Matrici
822 773 975 804 Ecclesie
998 773 1285 803 tumulandorum
1309 772 1421 802 multa
1444 772 1599 812 pericula
1621 770 1734 801 immi-

348 821 435 850 nent
459 822 494 850 et
512 819 718 856 subsistunt,
735 822 811 849 tum
828 820 970 858 propter
994 817 1197 848 discrimina
1220 817 1366 854 viarum,
1384 818 1459 846 tum
1476 818 1619 856 propter
1634 815 1733 845 inun-

349 864 511 895 daciones
538 873 707 904 aquarum
735 873 801 903 que
828 863 1033 903 frequenter
1059 862 1216 892 accidere
1245 861 1484 891 dinoscuntur.
1531 860 1612 898 Nos,
1640 869 1733 897 vero,

348 908 519 948 premissa
536 908 799 939 considerantes
814 907 969 947 equitate
986 906 1180 946 prehabita,
1196 905 1346 936 fecimus
1370 905 1559 936 Dominum
1576 904 1733 944 Preposi-

347 955 423 983 tum
452 953 636 992 Glasneye,
665 952 757 983 dicte
786 952 940 982 Ecclesie
968 951 1087 981 Sancti
1120 950 1242 981 Melori
1271 950 1465 987 Rectorem,
1494 959 1611 979 coram
1635 948 1735 978 nobis

348 1007 502 1035 evocare,
529 1007 609 1027 cum
641 1006 705 1027 sua
735 996 885 1034 intersit,
912 995 955 1026 ad
988 995 1252 1035 proponendum
1283 1004 1346 1034 pro
1374 1003 1420 1032 se,
1447 993 1475 1023 si
1499 993 1583 1033 quid
1606 993 1735 1023 habeat

346 1041 529 1072 effectuale
546 1041 820 1081 proponendum,
834 1050 940 1080 quare
957 1040 1052 1070 (licta
1069 1039 1221 1080 Capella,
1235 1049 1314 1069 cum
1333 1037 1525 1075 Cimiterio‚
1539 1036 1733 1068 consecrari

346 1086 490 1116 minime
515 1096 577 1126 per
604 1095 668 1116 nos
700 1085 835 1115 debeat.
885 1084 987 1122 Item,
1015 1094 1107 1122 vero,
1137 1083 1339 1123 Prepositus
1371 1092 1488 1113 coram
1515 1082 1615 1112 nobis
1643 1091 1733 1112 com-

345 1131 481 1169 paruit;
517 1129 783 1161 Consecracioni
809 1129 902 1159 dicte
929 1128 1069 1168 Capelle
1095 1130 1130 1158 et
1160 1127 1331 1158 Cimiterii
1351 1126 1509 1167 ejusdem
1534 1126 1733 1162 consensit3

346 1175 406 1212 ita,
424 1175 597 1212 Videlicet,
614 1174 706 1214 quod
722 1174 816 1204 dicta
830 1173 972 1213 Capella
990 1173 1109 1203 Sancti
1127 1172 1236 1202 Laudi
1250 1172 1305 1210 sit,
1324 1181 1386 1202 suo
1404 1173 1582 1210 perpetuo,
1595 1169 1733 1200 Matrici

348 1219 501 1250 Ecclesie
520 1218 640 1249 Sancti
657 1218 779 1249 Melori
804 1217 972 1257 subjecta,
990 1219 1093 1257 prout
1119 1219 1264 1247 actenus
1284 1216 1349 1246 sibi
1373 1215 1531 1256 subjecta
1555 1224 1631 1245 esse
1655 1224 1733 1245 con-

346 1263 480 1301 suevit3
506 1266 541 1294 et
558 1262 649 1303 quod
666 1262 849 1293 duodecim
873 1262 1002 1301 legales
1026 1261 1186 1292 homines
1211 1261 1253 1291 de
1278 1260 1448 1291 Parochia
1472 1259 1612 1299 Capelle
1636 1262 1732 1289 ante-

347 1308 449 1346 dicte,
468 1310 503 1339 et
520 1308 573 1338 sui
597 1316 814 1338 successores
831 1306 1040 1346 quicumque
1058 1305 1116 1346 qui
1140 1315 1203 1345 pro
1227 1307 1384 1344 tempore
1408 1304 1551 1342 fuerint,
1574 1302 1735 1333 deferant

345 1354 390 1390 et,
408 1362 470 1383 suo
487 1354 667 1392 perpetuo,
685 1351 823 1382 solvant
840 1351 875 1380 in
899 1350 1060 1380 futurum
1085 1352 1120 1380 et
1145 1352 1347 1389 agnoscant,
1364 1359 1426 1388 pro
1444 1359 1479 1379 se
1496 1350 1531 1378 et
1548 1347 1735 1378 heredibus

346 1396 428 1435 suis,
458 1396 612 1427 Ecclesie
646 1396 765 1426 Sancti
792 1395 925 1433 Melori‚
954 1395 1008 1425 die
1038 1394 1133 1425 Festi
1163 1394 1283 1424 Sancti
1308 1393 1440 1431 Melori‚
1470 1392 1652 1423 duodecim
1678 1392 1733 1422 de-

346 1441 474 1479 narios,
490 1441 527 1470 in
544 1441 684 1480 signum
701 1440 934 1480 subjeccionis
958 1441 993 1469 et
1017 1438 1262 1478 dependencie.
1311 1438 1365 1475 Et,
1383 1437 1411 1468 si
1437 1437 1619 1476 contingat
1642 1436 1736 1476 ipsos

344 1486 574 1525 parochianos
598 1485 635 1515 in
659 1485 834 1515 solucione
858 1484 1032 1514 dictorum
1057 1483 1239 1513 duodecim
1265 1482 1486 1512 denariorum
1511 1490 1656 1519 cessare,
1674 1482 1736 1510 aut

346 1540 415 1560 non
441 1530 574 1560 solvere
598 1529 758 1569 predicta
782 1529 848 1566 die,
865 1528 987 1558 volunt
1012 1527 1163 1567 predicti
1186 1526 1390 1566 parochiani
1413 1525 1570 1565 predicte
1595 1525 1735 1564 Capelle

346 1574 438 1614 quod
464 1574 628 1604 Officialis
654 1573 845 1604 Peculiaris
872 1572 1138 1603 Jurisdiccionis
1164 1572 1206 1601 de
1235 1571 1370 1601 Penren
1399 1570 1585 1610 compellat
1610 1579 1668 1600 eos
1692 1569 1734 1599 ad

346 1619 551 1649 solvendum
569 1618 713 1657 duplum
731 1618 767 1647 in
785 1617 947 1654 crastino,
965 1619 1000 1646 et
1024 1617 1073 1647 sic
1096 1615 1242 1655 singulis
1259 1615 1381 1645 diebus
1405 1614 1571 1654 quamdiu
1595 1615 1630 1643 et
1654 1623 1734 1653 quo-

346 1663 591 1702 cienscumque
608 1663 645 1692 in
662 1662 838 1693 solucione
855 1662 947 1691 dicte
965 1661 1111 1700 pecunie
1136 1659 1361 1697 cessaverint,
1379 1662 1441 1689 aut
1466 1658 1653 1697 contigerit
1677 1667 1736 1688 eos

347 1717 493 1746 cessare,
512 1707 587 1738 sine
604 1707 755 1746 strepitu
770 1705 937 1746 judiciali.
974 1706 1148 1743 Preterea,
1166 1704 1250 1735 dicti
1263 1703 1464 1743 parochiani
1483 1702 1622 1742 Capelle
1639 1704 1735 1732 antc-

347 1752 440 1783 dicte
472 1751 696 1782 sustinebunt
728 1750 927 1790 sumptibus
959 1749 1031 1780 suis
1062 1749 1212 1789 propriis
1244 1748 1436 1778 Ecclesiam
1466 1747 1585 1777 Sancti
1614 1746 1735 1783 Laudi,

346 1796 509 1827 videlicet
538 1795 739 1826 Cancellum
765 1795 933 1835 ejusdem,
962 1794 999 1823 in
1025 1793 1195 1831 omnibus,
1224 1792 1388 1823 videlicet
1414 1791 1580 1822 fenestris
1603 1790 1735 1828 vitreis,

348 1841 461 1871 Libris
479 1840 748 1871 Matutinalibus
766 1839 1041 1879 quibuscumque
1058 1840 1094 1869 et
1112 1837 1225 1867 Libris
1242 1837 1285 1867 ad
1303 1836 1458 1874 Missam,
1475 1838 1511 1866 et
1532 1835 1610 1865 aliis
1628 1834 1735 1865 Orna-

347 1885 477 1916 mentis
501 1885 797 1925 quibuscmnque3
822 1885 858 1913 et
882 1883 1000 1913 omnia
1024 1892 1132 1913 onera
1155 1881 1455 1921 qualitercumque
1480 1880 1571 1910 dicte
1597 1879 1736 1918 Capelle

348 1929 390 1960 de
422 1932 539 1960 cetero
569 1928 783 1968 pertinencia
819 1929 1020 1967 agnoscent.
1070 1927 1114 1956 Et
1141 1925 1361 1956 Cimiterium
1394 1924 1550 1955 Matricis
1582 1923 1735 1954 Ecclesie

349 1974 469 2004 Sancti
490 1973 621 2012 Melori‚
646 1974 750 2012 prout
778 1975 923 2003 actenus
946 1971 1064 2002 facere
1089 1972 1355 2007 consueverunt,
1381 1969 1545 1999 claudent
1568 1978 1631 2007 pro
1658 1977 1734 2007 por-

348 2018 445 2048 cione
462 2018 556 2058 ipsos
573 2018 810 2056 contingente,
828 2016 1052 2056 reparabunt,
1070 2018 1106 2046 et
1130 2015 1363 2046 sustinebunt.
1412 2013 1456 2043 Et
1480 2012 1682 2050 mortuaria,
1700 2014 1735 2042 et

346 2062 464 2093 onmia
495 2062 563 2092 alia
589 2072 654 2102 que
687 2062 820 2092 solvere
849 2062 1116 2098 consueverunt,
1142 2059 1178 2089 in
1205 2058 1366 2088 futurum
1396 2058 1540 2088 solvent.
1590 2057 1633 2086 Et
1661 2066 1734 2092 nos,

348 2107 527 2146 predictus
551 2106 665 2144 Pater,
692 2105 898 2135 Exoniensis
922 2104 1124 2144 Episcopus,
1147 2103 1191 2133 ad
1216 2104 1378 2142 rogatum
1402 2101 1642 2132 Procuratoris
1666 2100 1734 2130 dic-

349 2154 465 2181 torum
482 2150 784 2190 parochianorum,
801 2150 895 2189 ipsos
919 2149 1158 2189 parochianos,
1175 2147 1211 2178 in
1235 2156 1385 2187 persona
1409 2146 1461 2176 sui
1486 2144 1736 2182 Procuratoris,

350 2195 393 2225 ad
410 2195 580 2235 premissa
597 2194 713 2225 omnia
730 2194 902 2231 facienda,
921 2193 1136 2231 sustinenda,
1154 2194 1189 2222 et
1206 2190 1427 2231 agnoscenda
1451 2190 1487 2220 in
1510 2189 1681 2226 futurum,
1698 2188 1735 2218 in

349 2239 417 2270 hiis
448 2239 587 2279 scriptis
616 2238 877 2269 sentencialiter
902 2239 938 2267 et
963 2237 1147 2267 diffinitive
1179 2236 1486 2275 condempnamus,
1514 2233 1735 2264 Sentenciam

351 2286 508 2315 nostram
534 2282 733 2313 execucioni
760 2282 876 2312 debite
903 2281 1183 2311 demandandam
1210 2280 1285 2310 fore
1315 2280 1552 2310 decernentes.
1606 2278 1736 2307 Datum

351 2328 443 2368 apud
460 2328 596 2358 Penren
614 2327 668 2357 die
687 2326 831 2356 Sabbati
854 2325 1012 2365 proxima
1028 2327 1108 2364 post
1125 2325 1268 2355 Festum
1287 2324 1495 2354 Sanctarum
1512 2322 1684 2361 Perpetue
1701 2322 1737 2351 et

353 2372 556 2409 Felicitatis,
580 2372 683 2402 Anno
708 2370 847 2401 Domini
873 2370 935 2400 ΜΟ.
954 2369 1085 2400 CCCmo
1102 2372 1235 2406 octavo,
1260 2371 1295 2399 et
1313 2366 1598 2398 Consecracionis
1618 2367 1736 2395 nostre

351 2417 453 2447 Anno
470 2416 587 2446 Primo
606 2413 668 2455 [10
685 2415 817 2453 March,
835 2412 989 2453 1308-9].

939 2533 997 2570 II.

303 2611 385 2649 The
414 2610 617 2660 following
656 2609 882 2646 Document
911 2608 994 2646 also
1023 2607 1186 2657 belongs
1224 2611 1266 2644 to
1305 2606 1456 2655 Bishop
1485 2601 1735 2654 Stapeldon’s

359 2666 466 2710 time,
488 2663 569 2701 and
588 2677 668 2700 was
689 2663 851 2700 written
872 2675 922 2699 on
942 2676 966 2699 a
985 2661 1109 2699 blank
1130 2674 1229 2711 page
1249 2660 1290 2698 of
1317 2660 1386 2698 the
1415 2672 1521 2697 same
1550 2657 1736 2708 Register

358 2719 399 2757 of
419 2718 692 2763 Ordinations,
714 2717 780 2754 fol.
805 2715 893 2754 36b.

196 2784 283 2810 N0t2-
305 2783 553 2821 Conposmm
582 2782 688 2819 inter
718 2781 958 2831 Episcopum
979 2780 1245 2817 Exoniensem
1266 2781 1307 2816 et
1332 2777 1526 2815 Comitem
1557 2773 1736 2813 Devonie

357 2851 475 2888 super
493 2836 675 2886 homagio
695 2839 736 2873 et
756 2834 921 2873 servicio
940 2834 1064 2884 ipsius
1085 2833 1263 2878 Comitis,
1281 2845 1326 2870 ac
1345 2831 1472 2869 feodis
1492 2829 1569 2867 sibi
1588 2827 1734 2866 debitis

354 2895 530 2941 tempore
551 2889 882 2927 Intronizacionis
904 2887 1091 2937 Episcopi
1112 2886 1361 2924 Exoniensis.
