1907 3212
204 312 298 358 902

203 425 289 455 [A.D.

203 460 290 489 13OS.]

415 324 514 357 THE
551 323 792 357 REGISTER
827 323 886 357 OF
918 322 1095 357 BISHOP
1129 324 1530 359 BRANTYNGHAM.

362 428 554 467 Episcopus
571 428 786 459 contrarium
803 428 936 468 precise
951 428 1070 468 jurare
1086 429 1247 459 voluerit.
1296 429 1395 468 Quod
1419 429 1447 460 si
1470 429 1650 469 predictus
1667 430 1746 470 Epi-

361 482 486 512 scopus
502 472 683 512 juraverit,
701 473 843 503 recedat
860 473 975 503 dictus
993 473 1093 503 Miles
1117 473 1191 504 sine
1209 473 1324 514 aliquo
1340 473 1488 504 servicio
1503 473 1675 512 faciendo,
1692 475 1747 505 vel

360 517 462 547 feodo
486 517 654 556 capiendo
678 517 738 547 illa
754 517 851 554 vice3
877 520 912 547 et
936 517 1116 556 predictus
1140 518 1310 548 Dominus
1335 518 1439 558 Hugo
1462 522 1498 549 et
1522 518 1668 549 heredes
1693 519 1746 549 sui

358 561 491 592 facient
509 561 626 591 omnia
643 561 710 591 alia
728 562 875 592 servicia
891 562 1048 601 predicto
1066 562 1236 602 Episcopo
1253 565 1288 592 et
1307 562 1573 594 Successoribus
1597 563 1668 594 suis
1684 573 1747 602 pro

359 606 516 645 predicto
534 606 690 636 Manerio
707 606 749 635 de
768 606 934 646 Slaptone
951 617 1016 646 que
1035 607 1078 636 ad
1094 607 1182 637 illud
1198 607 1378 646 pertinent
1395 607 1664 646 imperpetuum.
1700 607 1745 645 Si,

359 660 452 687 vero,
470 650 616 680 heredes
633 650 717 680 dicti
734 650 895 690 Hugonis
912 651 966 681 vel
985 661 1223 682 successorum
1247 661 1400 690 suorum,
1417 654 1574 691 tempore
1599 651 1747 692 alicujus

360 694 561 735 hujusmodi
579 694 880 733 Intronizacionis‚
898 705 967 725 non
984 695 1117 725 fuerint
1134 696 1234 735 plene
1252 696 1368 734 etatis,
1385 696 1440 726 vel
1465 696 1493 726 si
1516 696 1618 736 plene
1643 696 1748 726 etatis

360 739 493 769 fuerint
510 742 545 769 et
560 739 757 778 predictum
776 739 961 770 servicium
978 740 1013 769 in
1032 739 1146 770 forma
1161 740 1319 779 predicta
1335 750 1405 770 non
1428 740 1588 779 fecerint,
1606 740 1647 770 de
1672 751 1746 780 pre-

361 783 455 813 dicto
478 783 582 813 feodo
606 785 641 813 et
666 783 759 814 vasis
783 784 960 823 argenteis
984 784 1090 814 nichil
1115 784 1256 815 omnino
1280 784 1474 824 percipient
1498 784 1559 815 illav
1582 784 1666 823 vice,
1684 795 1748 816 1100

360 828 491 867 aliquid
516 828 620 866 aliud,
646 828 785 858 racione
811 828 1027 859 Senescalcie
1052 829 1208 867 predicte
1232 829 1287 859 vel
1315 829 1417 859 officii
1446 828 1656 868 supradicti3
1684 839 1749 860 nec

361 872 486 911 aliquis
503 872 592 902 alius
616 873 756 903 nomine
783 873 985 903 eorundem.
1034 873 1105 903 Nec
1129 873 1248 903 licebit
1273 873 1365 903 dicto
1392 873 1543 913 Hugoni‚
1560 873 1748 904 heredibus

360 917 416 946 vel
447 917 646 956 assignatis,
675 917 711 946 in
743 917 857 956 aliquo
892 917 994 947 Festo
1027 917 1317 948 [ntronizacionis
1350 917 1511 957 Episcopi
1543 917 1748 949 Exoniensis

361 961 419 1000 qui
436 971 498 1000 pro
514 964 672 1000 tempore
690 961 798 991 fucrit
815 962 966 1001 aliquam
984 972 1169 1000 personam
1186 962 1222 991 in
1239 962 1350 992 officio
1367 972 1506 1001 ponere,
1526 962 1578 992 vel
1595 962 1747 1001 positam

361 1015 533 1043 amovere,
551 1006 605 1035 vel
630 1005 778 1036 ulterius
802 1006 986 1045 quicquam
1012 1006 1053 1036 de
1079 1006 1171 1036 dicto
1198 1006 1300 1037 Festo
1320 1017 1382 1045 per
1407 1016 1442 1036 se
1459 1007 1513 1037 vel
1530 1006 1616 1037 alios
1639 1006 1746 1037 intro-

362 1050 512 1088 mittere,
538 1060 599 1079 seu
622 1050 761 1080 racione
787 1050 933 1089 predicti
960 1050 1062 1081 officii
1092 1060 1152 1080 seu
1179 1051 1395 1081 Senescalcie
1423 1051 1500 1089 plus
1532 1051 1669 1090 exigere
1694 1051 1747 1081 vel

362 1094 516 1134 recipere
541 1104 644 1133 quam
670 1094 829 1133 superius
853 1098 907 1125 est
931 1105 1143 1134 expressum.
1193 1095 1235 1124 Et
1261 1095 1439 1125 habebunt
1454 1095 1561 1125 iidem
1579 1095 1748 1126 Dominus

364 1138 467 1178 Hugo
492 1141 527 1168 et
551 1139 698 1169 heredes
723 1139 786 1176 sui,
803 1139 857 1168 vel
885 1139 984 1169 Miles
1009 1139 1067 1179 qui
1091 1150 1153 1178 pro
1178 1149 1218 1169 eo
1241 1140 1377 1169 venerit
1404 1145 1440 1169 ut
1464 1139 1659 1178 predictum
1685 1142 1748 1177 est,

362 1182 483 1213 fenum
509 1185 544 1213 et
569 1193 716 1213 avenam
742 1193 804 1222 pro
829 1184 925 1222 equis
950 1183 1021 1214 suis
1046 1186 1081 1213 et
1106 1194 1247 1213 suorum
1273 1184 1501 1214 familiarium
1519 1193 1637 1214 secum
1654 1184 1747 1214 veni-

361 1227 511 1265 encium‚
529 1237 609 1258 011111
626 1227 836 1257 liberacione
853 1227 925 1257 vini
943 1230 978 1257 et
995 1228 1220 1258 candelarum
1244 1232 1348 1267 prout
1373 1228 1473 1258 decet
1497 1231 1747 1267 competenter.

363 1272 407 1301 Et
424 1282 487 1311 pro
505 1272 569 1301 hac
586 1272 828 1310 recognicione
845 1274 881 1302 et
896 1272 999 1302 feodo
1016 1272 1173 1311 predicto
1191 1273 1360 1311 habendo,
1380 1272 1453 1302 sine
1479 1273 1594 1312 aliqua
1611 1276 1745 1303 contra-

362 1316 528 1354 diccione,
545 1316 815 1355 imperpetuum,
833 1316 1011 1355 predictus
1035 1317 1206 1347 Dominus
1233 1317 1346 1356 Hugo,
1363 1327 1425 1356 pro
1443 1326 1479 1347 se
1503 1322 1538 1347 et
1563 1317 1748 1347 heredibus

362 1361 443 1399 suis,
469 1360 614 1398 remisit,
638 1361 818 1398 relaxavit,
844 1364 879 1391 et
903 1361 1045 1391 omnino
1069 1361 1225 1400 quietum
1250 1361 1415 1391 clamavit
1438 1361 1576 1400 prefato
1602 1361 1750 1391 Domino

362 1405 532 1444 Episcopo
557 1407 593 1435 et
619 1405 883 1435 Suoeessoribus
908 1405 978 1435 suis
1003 1415 1122 1435 omnes
1147 1406 1233 1436 alias
1257 1405 1470 1443 exactiones,
1496 1406 1696 1443 demandas,
1713 1408 1749 1436 et

362 1449 580 1489 calumpnias
606 1459 686 1479 suas
710 1450 751 1479 de
775 1449 853 1480 aliis
878 1449 1008 1487 officiis,
1026 1450 1148 1487 feodis,
1167 1453 1201 1480 et
1226 1450 1329 1480 rebus
1347 1450 1476 1480 dictam
1495 1450 1748 1480 Senescalciam

360 1494 601 1534 quoquomodo
626 1494 854 1533 tangentibus
878 1494 1147 1533 imperpetuum.
1196 1495 1235 1523 In
1255 1505 1401 1533 quorum
1418 1494 1574 1524 omnium
1591 1494 1747 1524 testimo-

362 1538 459 1568 nium
488 1540 561 1568 tam
592 1538 770 1577 predictus
804 1538 995 1577 Episcopus
1024 1548 1128 1578 quam
1160 1539 1338 1578 predictus
1372 1539 1475 1578 Hugo
1502 1538 1583 1568 huic
1613 1538 1749 1578 Scripto

364 1583 509 1612 dentato
527 1582 643 1622 sigilla
663 1593 725 1612 sua
750 1583 953 1612 alterna-tim
977 1585 1233 1622 amsosuerunt3
1259 1586 1303 1620 et,
1321 1583 1365 1612 ad
1388 1583 1559 1622 majorem
1584 1583 1748 1613 securita-

364 1629 446 1664 tem,
466 1628 626 1657 Decanus
644 1630 679 1656 et
697 1627 897 1665 Capitulum
918 1627 1057 1665 Exonie,
1076 1627 1119 1656 ad
1136 1633 1297 1666 rogatum
1316 1627 1400 1657 dicti
1419 1627 1558 1657 Domini
1576 1627 1749 1666 Episcopi,

364 1677 399 1701 et
416 1671 526 1701 eciam
544 1671 691 1710 predicti
710 1671 849 1700 Domini
876 1671 1045 1710 Hugonis,
1064 1671 1216 1710 sigillum
1242 1681 1342 1701 snum
1368 1681 1552 1701 commune
1576 1671 1748 1701 Presenti-

365 1716 430 1746 bus
447 1718 500 1746 est
517 1725 711 1755 appensum
732 1713 961 1754 (sicwaata
987 1716 1079 1754 apud
1105 1716 1297 1755 Nywctone
1322 1715 1452 1746 Prioris
1476 1716 1517 1745 de
1542 1716 1750 1755 Plymptone

364 1760 547 1790 Dominica
564 1760 599 1789 in
616 1760 769 1790 crastino
789 1760 887 1789 Beati
907 1760 1037 1789 Thome
1056 1760 1213 1798 Apostoli
1229 1758 1289 1799 [22
1307 1758 1420 1799 Dec.]‚
1438 1761 1522 1790 AD.
1538 1760 1600 1790 ΜΟ.
1619 1760 1750 1790 CCC¹¹¹0

363 1807 497 1842 octavo,
515 1806 550 1834 et
575 1805 677 1834 Anno
703 1804 813 1843 Regni
840 1804 945 1843 Regis
972 1804 1145 1842 Edwardi,
1172 1805 1233 1833 11111
1258 1804 1363 1843 Regis
1388 1804 1562 1842 Edwardi‚
1588 1804 1750 1834 secundo.

364 1849 591 1879 Presentibus
608 1848 767 1878 Dominis
786 1849 958 1878 Willelmo
977 1849 1128 1888 Martyn,
1147 1849 1308 1888 Philippo
1324 1849 1365 1879 de
1390 1849 1599 1888 Curtenaye,
1618 1849 1750 1878 Thoma

364 1893 406 1923 de
432 1893 662 1933 Cayricestre,
689 1893 867 1932 Stephano
892 1893 934 1922 de
962 1893 1181 1931 Hackubum,
1209 1894 1342 1932 Rogero
1375 1893 1416 1923 de
1442 1893 1593 1931 Nonam,
1619 1893 1751 1923 Thoma

365 1938 407 1967 de
429 1936 511 1975 (sic)
534 1937 969 1975 Archedeakno,‚Iohanne
987 1937 1028 1967 (10
1048 1938 1210 1975 Buttone,
1224 1938 1383 1968 Johanne
1396 1938 1437 1967 de
1455 1938 1614 1977 Treiagu,
1633 1937 1749 1967 Militi-

364 1982 444 2019 bus;
464 1982 616 2013 Roberto
633 1982 675 2011 de
694 1981 1053 2021 Stokluiye,Jol1anne
1066 1982 1107 2011 de
1121 1982 1360 2021 Bittclesgatc,
1374 1982 1525 2012 Roberto
1539 1982 1580 2011 de
1594 1981 1749 2021 Upheye,

368 2026 520 2056 Henrico
538 2027 579 2056 dc
598 2026 788 2063 Bokerelle,
807 2030 842 2056 et
858 2026 945 2056 aliis.

940 2096 1021 2133 ΙΙΙ.

318 2161 413 2198 This
445 2161 670 2198 Document
692 2174 770 2197 was
791 2161 955 2198 entered
976 2162 1017 2197 in
1040 2161 1107 2198 the
1128 2175 1235 2198 same
1263 2161 1448 2211 Register
1467 2175 1510 2198 as
1540 2161 1608 2199 the
1627 2160 1750 2198 above

374 2215 456 2261 (fol.
482 2214 560 2263 37),
583 2214 664 2250 and
684 2215 717 2250 it
738 2214 900 2264 belongs
922 2220 963 2251 to
984 2215 1140 2264 Bishop
1162 2215 1499 2266 Brantyngham's
1529 2216 1648 2261 timeg
1678 2214 1751 2251 but

374 2268 494 2318 being
514 2268 686 2305 without
707 2268 801 2306 date
830 2269 862 2305 it
892 2269 1007 2305 could
1037 2274 1108 2306 not
1138 2269 1185 2306 be
1214 2269 1378 2307 entered
1406 2270 1449 2306 in
1478 2269 1546 2307 the
1579 2274 1600 2290 ‘⁶
1616 2269 1750 2318 Regis-

375 2328 481 2359 trum
503 2322 721 2359 Commune
738 2322 755 2337 ⁷'
777 2322 904 2359 under
924 2323 976 2359 its
996 2336 1138 2372 proper
1157 2336 1261 2373 year.
1304 2324 1371 2360 Dr.
1398 2323 1534 2361 Oliver
1554 2323 1750 2360 mentions

373 2377 407 2413 it
426 2377 467 2413 in
500 2376 561 2412 his
592 2376 680 2413 Life
710 2376 752 2412 of
780 2376 848 2413 the
878 2377 1038 2426 Bishop‚
1061 2377 1140 2413 and
1169 2378 1345 2414 remarks
1376 2377 1466 2414 that
1495 2377 1598 2414 “the
1627 2376 1751 2414 result

374 2431 415 2467 of
435 2430 530 2467 such
547 2430 791 2478 application
808 2429 900 2467 does
922 2435 992 2467 not
1012 2431 1192 2480 appear.⁷’
1250 2431 1375 2469 There
1396 2445 1469 2468 can
1490 2431 1538 2468 be
1559 2444 1610 2468 no
1625 2429 1750 2467 doubt

373 2484 466 2521 that
480 2483 548 2521 the
570 2484 707 2532 Pope's
727 2497 882 2521 answer
902 2498 981 2521 was
1002 2485 1302 2531 unfavouiable,
1320 2485 1383 2522 for
1404 2485 1515 2522 there
1535 2498 1614 2521 was
1631 2496 1750 2521 never

373 2552 453 2588 any
475 2539 790 2587 Appropriation
821 2538 862 2575 of
887 2538 1015 2576 either
1036 2539 1206 2576 Church.

321 2604 572 2652 Concerning
601 2603 670 2640 the
701 2603 907 2640 Rectories
936 2604 978 2640 of
1007 2604 1287 2649 ansssrme,
1320 2605 1361 2641 in
1394 2605 1541 2649 Devon,
1572 2603 1651 2641 and
1686 2603 1747 2640 ST.

376 2658 561 2702 BREOKE,
585 2657 627 2693 in
648 2657 858 2694 Cornwall.

305 2725 514 2754 SIGNIFICAT
541 2723 728 2753 Sanctitati
754 2729 869 2753 vestre
894 2724 1041 2754 devotus
1066 2731 1182 2755 orator
1206 2728 1330 2761 vester,
1349 2725 1508 2762 Thomas,
1526 2723 1749 2754 miseracione

370 2769 497 2798 Divina
514 2768 668 2798 Ecclesie
686 2775 800 2798 vestre
819 2768 1024 2798 Exoniensis
1044 2769 1234 2808 Episcopus
1251 2779 1290 2799 ac
1308 2769 1470 2798 Minister
1486 2767 1636 2805 humilis,
1650 2766 1749 2806 quod,

368 2813 449 2843 licet
467 2813 510 2842 ad
529 2812 763 2842 Collacionem
780 2812 936 2851 ejusdem
956 2813 1072 2852 plures
1091 2813 1243 2843 Ecclesic
1261 2813 1481 2843 Parochiales
1505 2815 1540 2842 et
1556 2812 1624 2842 alia
1641 2811 1747 2840 Bene-

370 2857 448 2887 ficia
472 2856 684 2895 pertineant,
702 2859 737 2886 et
762 2856 877 2887 dictus
901 2856 1142 2896 Episcopatus,
1163 2859 1308 2896 excepta
1331 2857 1352 2887 J
1355 2856 1582 2887 urisdiccione
1606 2854 1746 2885 Pontifi-

367 2901 443 2939 cali,
460 2901 495 2931 in
513 2900 763 2940 temporalibus
780 2901 920 2940 penitus
939 2901 1118 2939 consistat,
1136 2911 1201 2940 que
1227 2900 1314 2931 Sede
1339 2900 1525 2930 Exoniensi
1542 2900 1687 2930 vacante
1710 2897 1746 2927 in
