1907 3212
145 299 238 342 648

142 409 218 434 A.D.

142 442 216 468 1387.

143 476 204 502 Vol.
228 476 248 501 1.

139 1381 217 1406 Nota

139 1414 211 1440 infra

137 1457 249 1474 annum.

140 1868 185 1894 fol.
207 1868 262 1894 178.

355 312 454 344 THE
490 311 733 344 REGISTER
767 311 826 343 OF
860 310 1039 343 BISHOP
1073 310 1481 346 BRANTYNGHAM.

299 416 415 443 torum
432 416 641 450 nostrorum,
659 416 693 443 et
711 413 873 452 precipue
888 412 1046 443 Mandati
1062 412 1174 443 nostri
1189 412 1444 444 Archidiacono
1461 412 1622 443 Tottonie
1645 412 1683 442 et

299 457 376 497 ejus
412 457 557 487 Officiali
585 457 733 496 prefatis
760 457 796 486 in
823 457 887 487 hac
912 460 1011 496 parte
1037 457 1171 495 directi,
1197 457 1380 497 quicquam
1415 458 1680 497 attemptarent,

298 501 465 539 facerent,
484 511 545 531 seu
561 501 807 540 permitterent
823 501 1021 540 aliqualiter
1044 501 1258 541 attemptari,
1275 501 1459 541 quominus
1482 511 1622 531 omnem
1646 502 1682 530 et

299 545 444 575 solidam
461 545 481 575 J
484 545 749 575 urisdiccionem
767 545 895 575 abolim
913 545 949 575 in
966 545 1240 576 Visitacionibus
1260 546 1399 583 nostris,
1416 547 1452 576 et
1473 545 1583 576 eciam
1601 545 1680 574 Pre—

297 590 517 619 decessorum
535 594 734 619 nostrorum
751 589 1000 627 consimilibus,
1017 589 1184 619 usitatam
1202 600 1242 619 ac
1258 589 1461 620 inconcusse
1478 592 1514 620 et
1537 588 1679 629 pacifice

298 634 489 671 obtentam,
507 634 584 673 jure
602 636 721 663 nostro
739 633 914 663 ordinario
930 643 1109 672 possemus
1126 634 1162 663 in
1186 634 1307 663 eadem
1324 633 1538 663 Visitacione
1563 635 1681 663 nostra

297 678 403 707 libere
421 688 610 712 excercere,
629 678 692 707 sub
717 678 881 714 gravibus
904 678 1003 717 penis
1027 680 1062 707 et
1087 678 1241 707 censuris
1262 677 1446 708 Canonicis
1463 677 1499 707 111
1515 678 1619 716 ipsos,
1644 679 1679 707 et

298 722 447 751 maxime
479 721 773 752 Archidiaconum
807 722 967 751 Tottonie
999 727 1033 752 et
1065 722 1141 762 ejus
1174 721 1363 752 Officialem
1395 722 1617 761 prescriptos,
1650 721 1678 751 si

298 766 497 805 hujusmodi
529 766 658 796 nostris
690 766 965 795 Inhibicionibus
996 776 1118 805 parere
1150 776 1219 796 non
1251 766 1428 803 ducerent,
1454 775 1515 795 seu
1539 765 1681 795 duceret

297 810 420 849 aliquis
437 810 637 847 eorundem,
655 820 724 839 non
746 810 910 839 inmerito
932 810 1171 845 fulminandis,
1194 810 1352 849 quodque
1375 810 1416 839 de
1436 810 1513 849 jure
1533 812 1567 839 et
1591 808 1679 838 anti-

296 865 363 893 qua
380 854 546 884 laudabili
563 854 832 887 Consuetudine,
851 854 886 884 in
905 854 1056 884 Civitate
1081 859 1114 884 et
1143 854 1276 884 Dioccsi
1294 853 1422 884 nostris
1448 853 1577 883 Exonie
1602 862 1678 892 pre-

296 899 397 928 dictis
422 899 590 928 hactenus
613 899 753 935 usitata,
777 899 970 936 observata,
988 907 1023 928 et
1047 899 1202 938 legitime
1226 898 1429 937 prescripta,
1446 897 1555 927 fuerit
1578 900 1613 927 et
1637 897 1683 927 sit

296 943 489 977 obtentum,
517 943 696 980 usitatum,
725 946 759 972 et
792 943 1015 972 observatum
1044 943 1186 982 pacifice
1219 950 1253 972 et
1286 943 1412 981 quiete,
1441 941 1533 981 quod
1564 941 1680 970 nullus

295 987 631 1017 Archidiaconorum
648 993 847 1016 nostrorum
870 988 1118 1025 predictorum,
1137 997 1198 1017 seu
1222 987 1429 1016 Officialium
1453 986 1619 1025 ipsorum,
1643 985 1680 1015 in

295 1031 366 1061 suis
398 1031 760 1067 Archidiaconatibus,
786 1041 847 1069 per
879 1041 914 1061 se
946 1032 1001 1061 vel
1032 1031 1139 1060 alium
1173 1041 1233 1061 seu
1263 1031 1360 1067 alios,
1391 1029 1680 1060 Jurisdiccionem

294 1075 631 1113 Archidiaconalem,
650 1075 877 1115 procedendo,
896 1075 1145 1114 cognoscendo,
1170 1075 1356 1111 visitando,
1373 1074 1590 1113 inquirendo,
1608 1083 1679 1104 cor-

294 1119 448 1156 rigendo,
482 1119 645 1159 Capitula
677 1119 894 1157 celebrando,
926 1119 1100 1159 aliquidve
1132 1119 1363 1156 terminando,
1396 1128 1457 1148 seu
1495 1118 1679 1158 quicquam

293 1163 389 1193 aliud
420 1163 590 1201 faciendo,
620 1166 698 1202 post
732 1163 898 1193 Mandata
930 1163 1006 1201 sibi,
1035 1164 1089 1193 vel
1122 1163 1268 1193 Officiali
1295 1173 1366 1200 suo,
1392 1173 1454 1202 pro
1478 1161 1679 1202 hujusmodi

294 1207 508 1237 Visitacione
536 1212 657 1237 nostra
681 1218 896 1247 quecumque
923 1207 1095 1238 Canonice
1120 1207 1281 1237 facienda
1313 1207 1413 1247 juxta
1437 1206 1579 1236 modum
1603 1215 1678 1245 pre-

293 1252 439 1281 missum
465 1252 647 1287 directum,
681 1252 724 1281 ab
749 1252 824 1291 ipso
848 1251 1103 1281 Archidiacono
1136 1252 1189 1281 vel
1222 1262 1283 1281 suo
1309 1251 1454 1281 Officiali
1486 1253 1678 1290 receptum,

293 1296 401 1326 donec
419 1295 495 1334 ipsa
510 1296 679 1326 Visitacio
696 1306 736 1325 30
753 1296 870 1325 01111113
887 1298 921 1325 et
940 1296 1077 1335 singula
1094 1296 1233 1326 detecta
1250 1300 1284 1326 et
1302 1298 1481 1334 comperta
1504 1296 1540 1325 et
1564 1294 1680 1324 delata

292 1340 328 1369 in
346 1340 467 1370 eadem
485 1350 547 1379 per
564 1350 636 1378 nos,
654 1350 715 1370 seu
733 1340 997 1370 Commissarios
1013 1347 1160 1377 nostros,
1178 1340 1311 1369 fuerint
1336 1339 1491 1379 plenarie
1507 1338 1679 1378 expedita,

293 1388 327 1414 et
345 1385 529 1423 presertim
547 1384 639 1414 infra
657 1394 788 1414 annum
805 1394 826 1414 3
842 1387 998 1423 tempore
1015 1384 1240 1414 Visitacionis
1264 1387 1382 1413 nostre
1407 1382 1607 1422 hujusmodi
1631 1382 1680 1412 sic

293 1429 430 1467 incepte
448 1429 612 1458 continue
628 1429 895 1465 numerandum,
912 1428 979 1457 nisi
1004 1428 1046 1458 de
1070 1428 1229 1458 L³(·encia
1247 1430 1366 1457 nostra
1382 1427 1546 1466 primitus
1568 1426 1680 1465 petita

295 1473 493 1512 specialiter
515 1476 550 1502 et
574 1473 727 1505 obtenta,
746 1472 1003 1512 quomodolibet
1023 1472 1226 1502 cxcercendi
1250 1472 1357 1501 ullam
1383 1471 1509 1501 habeat
1532 1470 1679 1501 faculta-

292 1520 375 1554 tem,
393 1517 651 1554 auctoritatem,
668 1517 723 1546 vel
740 1517 889 1556 aliquam
909 1517 1012 1546 aliam
1038 1517 1231 1555 legitimam
1256 1515 1678 1555 1⁷)0testatem,—-—quidam‚

293 1564 422 1597 tamen,
447 1561 625 1591 Johannes
650 1561 845 1598 Lideforde,
874 1560 1168 1590 Archidiaconum
1194 1560 1356 1590 Tottonie
1389 1569 1424 1589 se
1456 1559 1678 1598 pretendens,

294 1608 460 1645 tanquam
483 1605 722 1635 inobediencie
742 1605 844 1641 filius,
862 1605 1020 1634 conscius
1043 1604 1302 1644 premissorum,
1326 1606 1511 1643 postquam
1537 1602 1678 1632 Manda-

295 1654 369 1679 tum
396 1655 555 1679 nostrum
583 1649 780 1688 predictum
806 1659 868 1688 pro
896 1648 1109 1679 Visitacione
1137 1651 1258 1678 nostra
1285 1649 1321 1678 in
1352 1648 1473 1677 eodem
1498 1646 1678 1677 Archidia-

295 1696 422 1723 conatu
439 1693 655 1723 Tottoniensi
673 1693 895 1728 excercenda,
914 1693 979 1722 sibi
996 1696 1031 1723 et
1050 1693 1195 1722 Officiali
1220 1702 1291 1729 suo,
1309 1695 1347 1721 ut
1364 1691 1550 1731 prefertur,
1569 1690 1676 1721 direc-

294 1740 380 1775 tum,
413 1740 602 1776 receperat,
629 1738 683 1767 vel
716 1737 841 1767 saltem
872 1737 964 1766 idem
999 1737 1162 1767 Officialis
1195 1746 1277 1767 suus
1309 1736 1449 1775 recepit,
1477 1735 1679 1775 hujusmodi

294 1781 570 1811 Inhibicionibus
587 1786 622 1811 et
640 1781 816 1811 Mandatis
832 1781 961 1811 nostris
978 1781 1082 1811 licitis
1099 1784 1134 1811 et
1154 1780 1337 1811 Canonicis
1360 1779 1486 1819 spretis
1509 1779 1620 1809 eciam
1643 1781 1680 1809 et

293 1826 513 1865 contemptis,
531 1836 570 1855 ac
588 1828 676 1865 post,
693 1828 820 1864 preter,
838 1828 873 1855 et
890 1828 1011 1855 contra
1036 1835 1086 1859 03,
1104 1825 1304 1865 hujusmodi
1321 1824 1534 1854 Visitacione
1558 1825 1679 1853 nostra

292 1870 326 1899 in
351 1870 425 1909 ipso
442 1870 740 1900 Archidiaconatu
765 1869 982 1899 Tottoniensi
1007 1869 1143 1899 noviter
1167 1869 1331 1899 inchoata
1355 1869 1513 1905 durante,
1530 1877 1571 1897 ae
1594 1877 1677 1897 non-

293 1915 398 1945 nullis
415 1914 612 1953 compertis,
631 1913 788 1949 detectis,
813 1916 847 1943 et
872 1913 997 1943 delatis
1020 1913 1055 1942 in
1079 1913 1201 1944 eadem
1226 1912 1459 1952 pendentibus
1483 1911 1678 1951 inexpletis,

297 1961 415 1998 preter
431 1962 466 1988 et
483 1961 604 1988 contra
621 1958 839 1988 voluntatem
852 1960 1020 1995 nostram,
1034 1958 1068 1987 in
1082 1957 1312 1998 prejudicium
1327 1955 1550 1986 Visitaoionis
1560 1957 1679 1985 nostre

294 2003 505 2042 hujusmodi,
528 2012 567 2032 30
592 2002 685 2032 infra
709 2011 839 2031 annum
864 2012 884 2031 3
901 2005 1058 2041 tempore
1074 2001 1309 2031 inchoacionis
1326 2000 1494 2040 ejusdem,
1511 1999 1677 2030 Jurisdic-

294 2047 427 2076 cionem
452 2046 776 2076 Archidiaconalem
801 2046 837 2076 in
854 2046 1150 2076 Archidiaconatu
1174 2045 1391 2075 Tottoniensi
1414 2043 1581 2083 predicto,
1598 2043 1678 2073 visi-

294 2090 411 2127 tando,
428 2091 644 2130 inquirendo,
659 2100 699 2120 ac
716 2090 793 2120 aliis
810 2090 1052 2129 multipliciter
1067 2100 1130 2129 pro
1146 2090 1255 2129 ipsius
1268 2088 1514 2119 Arohidiaconi
1530 2087 1678 2127 predicti

294 2135 449 2174 pretensi
473 2134 627 2171 arbitrio,
645 2135 687 2164 de
709 2134 805 2164 facto
826 2137 861 2164 et
883 2144 953 2164 non
973 2134 1014 2164 de
1037 2134 1124 2174 jure,
1147 2143 1225 2164 cum
1248 2134 1380 2163 nullam
1404 2132 1528 2162 habm't
1549 2131 1586 2161 in
1612 2131 1678 2161 hac

293 2182 403 2218 parte,
428 2181 467 2208 ut
498 2179 725 2218 premittitur,
757 2178 974 2215 facultatem,
1007 2178 1263 2215 auctoritatem,
1296 2187 1357 2207 seu
1388 2177 1540 2216 aliquam
1571 2175 1676 2205 aliam

294 2223 488 2260 legitimam
504 2225 726 2262 potestatem,
744 2222 955 2261 presumpsit
972 2226 1104 2252 temere
1121 2231 1311 2259 excercere,
1327 2221 1348 2251 J
1352 2230 1413 2250 ura
1431 2219 1583 2250 Ecclesie
1600 2229 1676 2249 nos—

295 2270 348 2296 tre
377 2266 596 2297 Cathedralis
621 2267 786 2305 predicte,
811 2269 980 2306 quantum
1004 2266 1040 2295 in
1064 2276 1104 2296 eo
1129 2269 1191 2303 est,
1216 2265 1407 2295 auferendo
1431 2267 1466 2294 et
1490 2263 1555 2294 sibi
1579 2273 1676 2294 usur-

294 2311 408 2350 pando
433 2311 594 2350 nequiter
617 2314 651 2340 et
676 2310 816 2350 injuste,
840 2313 944 2349 prout
968 2310 1031 2340 hec
1055 2320 1097 2340 ex
1121 2310 1375 2349 fidedignorum
1400 2307 1611 2345 testimonio,
1636 2317 1677 2338 ac

295 2355 504 2385 notorietate
536 2355 622 2384 facti
654 2357 846 2384 attestante
873 2357 907 2384 et
939 2354 1035 2383 fama
1065 2354 1204 2393 publica
1235 2353 1419 2390 referente,
1448 2352 1492 2382 ad
1516 2354 1676 2381 nostrum

295 2399 453 2428 auditum
470 2399 608 2428 noviter
628 2400 873 2437 pervenerunt.
921 2398 1087 2436 Quocirca
1104 2398 1211 2435 vobis,
1229 2397 1461 2428 communiter
1475 2398 1511 2426 et
1528 2395 1676 2433 divisim,

295 2443 338 2472 ad
355 2443 600 2482 inquirendum
619 2452 722 2481 super
738 2442 916 2481 premissis
933 2442 1068 2481 plenius
1085 2443 1280 2479 veritatem,
1298 2441 1431 2471 vocatis
1453 2439 1617 2479 primitus
1640 2439 1677 2469 111

295 2487 359 2516 hac
376 2490 475 2526 parte
492 2487 533 2517 de
549 2487 626 2526 jure
644 2486 818 2523 vocandis,
835 2497 897 2526 per
912 2486 1004 2517 viros
1021 2486 1213 2524 fidedignos
1229 2486 1264 2515 in
1282 2486 1346 2515 1130
1369 2488 1468 2524 parte
1484 2483 1676 2524 pleniorem

295 2531 461 2561 noticiam
493 2531 701 2567 obtinentes,
734 2537 979 2570 compertaque
1011 2531 1159 2560 veritate
1190 2530 1449 2569 premissorum,
1475 2527 1676 2568 hujusmodi

295 2575 415 2604 illicite
439 2578 474 2605 et
499 2578 629 2604 temere
653 2577 875 2614 attemptata,
893 2578 1064 2614 quatenus
1089 2575 1130 2604 de
1148 2574 1242 2604 facto
1259 2574 1513 2613 processerunt,
1530 2574 1566 2602 et
1582 2571 1674 2611 quic-

295 2619 377 2658 quid
401 2629 442 2649 ex
466 2619 515 2648 eis
539 2623 697 2649 secutum
723 2622 784 2650 cst.
803 2619 857 2648 vel
874 2619 917 2648 ob
934 2629 974 2648 ea
991 2622 1051 2648 aut
1068 2619 1295 2658 imposterum
1315 2617 1411 2656 sequi
1434 2618 1561 2656 posset,
1578 2625 1674 2645 revo-

296 2663 456 2696 candum,
473 2663 691 2698 cassandum,
717 2666 751 2692 et
775 2663 995 2700 irritandum,
1020 2663 1202 2702 ipsumque
1226 2661 1519 2692 Archidiaconum
1542 2658 1674 2699 predic-

295 2710 369 2735 tum
388 2710 588 2745 pretensum
607 2707 650 2736 ad
667 2707 896 2736 consimiliter
911 2707 1144 2737 revocandum
1161 2706 1292 2743 eadem,
1310 2707 1479 2745 quantum
1503 2703 1538 2733 in
1555 2713 1595 2732 eo
1611 2705 1674 2740 est,

297 2750 469 2780 Canonice
487 2751 775 2789 compellendum,
794 2750 1062 2790 hujusmodique
1080 2750 1339 2780 revocacionem
1363 2748 1479 2778 debite
1495 2747 1673 2786 publican-

296 2794 388 2831 dum,
407 2795 643 2824 mandandum
673 2798 707 2824 et
734 2794 934 2824 faciendum
963 2805 1025 2834 per
1051 2795 1137 2824 alios
1163 2794 1323 2823 similiter
1349 2791 1528 2832 publicari,
1554 2792 1675 2820 tenore

297 2838 518 2868 Presencium
544 2838 797 2868 committimus
827 2838 920 2869 vices
951 2842 1098 2876 nostras,
1131 2848 1209 2868 cum
1240 2835 1428 2877 cujuslibet
1458 2833 1672 2865 cohercionis

297 2882 470 2912 Canonice
486 2885 679 2921 potcstate;
704 2883 930 2913 etc.—Dated
949 2882 1101 2919 London,
1119 2883 1162 2911 30
1179 2882 1253 2911 Oct.
