1907 3212
429 337 712 375 REGISTRUM
760 335 1210 373 COMMUNE—-ANNO
1238 327 1332 370 200.
1559 319 1649 365 691

124 439 200 499 {³58¹}
236 440 486 480 Launceston
504 455 513 489 3
542 442 701 480 Licence
722 448 758 478 to
777 440 1021 485 celebrate,—

123 507 165 532 90.
235 497 336 535 Item,
355 498 484 529 eisdem
502 498 556 528 die
574 500 608 528 et
624 498 709 535 loco,
727 497 896 527 Dominus
919 495 1089 527 concessit
1114 493 1309 524 Liceneiam
1336 490 1483 522 Ricardo
1509 489 1596 520 Seke
1621 494 1655 518 et

125 539 187 566 Vol.
202 539 223 565 ¹·
277 542 298 572 J
300 542 436 572 ohanne
453 542 529 581 ejus
547 542 654 579 uxori,
671 541 762 581 quod
778 541 911 580 possint
928 540 1043 571 facere
1068 537 1235 570 celebrari
1252 536 1379 567 Divina
1404 545 1464 575 per
1487 533 1654 575 presbite-

278 596 335 616 ros
351 586 514 626 ydoneos,
531 586 566 616 iu
584 585 763 625 presencia
780 585 933 625 ipsorum
950 594 1011 614 scu
1027 593 1146 614 eorum
1163 581 1316 618 alterius,
1337 580 1372 610 in
1388 578 1547 609 Oratorio
1564 576 1656 607 infra

280 630 495 661 Mansionem
520 640 618 660 snam
643 630 684 660 de
711 630 878 669 Hurdyn3
904 629 948 659 ad
972 627 1238 667 beneplacitum,
1256 628 1331 662 etc.,
1354 634 1433 655 cum
1458 621 1657 654 clausula—-

278 674 458 705 Volumus.

234 727 383 765 Exeter
405 727 622 765 Cathedral
637 741 647 773 3
676 725 1041 771 Penitencioeria‚-

236 783 409 819 Renewal,
429 782 446 796 ‘⁴
461 784 503 814 ad
521 781 810 822 beneplacitu1n‚”
829 781 865 811 of
890 781 949 811 the
975 780 1119 811 Licence
1144 778 1291 819 granted
1309 779 1329 808 S
1345 778 1434 810 Jan.,
1450 775 1572 807 1388&
1592 772 1658 813 (sec

281 837 368 867 page
385 826 465 867 678)
484 841 490 864 ;
515 827 583 857 and
597 830 632 857 to
650 827 708 856 the
727 836 820 856 same
838 825 949 856 clerks
973 828 1095 864 except
1111 824 1189 854 that
1205 823 1355 853 William
1370 821 1451 861 Wyt
1467 820 1496 850 is
1512 818 1659 850 omitted

280 871 371 902 from
399 872 458 902 the
486 872 559 901 List
588 871 656 901 and
685 871 816 901 Walter
846 869 935 909 Galy
963 869 1032 900 and
1056 867 1226 908 Reginald
1252 867 1361 906 Bryta
1389 864 1502 895 added
1533 862 1658 903 (Clyst,

281 916 322 946 10
337 916 357 946 J
360 914 446 955 an.).

123 968 191 1027 gsskb
233 968 696 1018 Letters-Dimissory,-—

124 1020 137 1027 ’⁴
157 1020 171 1027 “
194 1021 200 1027 “
234 1024 365 1055 Master
389 1024 538 1054 Thomas
563 1023 780 1057 Hendeman,
806 1022 910 1059 clerk,
932 1021 1033 1060 prim.
1066 1024 1160 1058 tons„
1187 1020 1318 1050 Master
1349 1018 1385 1049 of
1409 1018 1502 1055 Arts‚
1527 1015 1596 1048 and
1622 1015 1658 1046 R.

282 1068 319 1098 of
341 1068 513 1105 Affetone‚
532 1066 605 1097 “ad
622 1077 751 1104 omnes,
769 1070 842 1097 tam
868 1066 1019 1097 Minores
1043 1075 1128 1105 quos
1147 1075 1216 1095 non
1232 1064 1339 1094 fuerit
1356 1064 1546 1099 assecutus,
1558 1070 1660 1101 quam

283 1112 393 1143 eciam
412 1112 535 1143 Sacros
553 1112 699 1142 Ordines
712 1111 729 1123 '⁷
752 1109 877 1151 (Clyst,
897 1111 936 1141 15
953 1108 1061 1149 Jan.).

238 1166 497 1212 Loddiswe113
530 1167 892 1214 Testamentaryf-

131 1220 216 1246 Nota.
243 1222 344 1260 Item,
370 1222 462 1261 apud
487 1222 594 1262 Clyst,
619 1221 784 1251 vicesimo
809 1221 863 1250 die
888 1220 1018 1250 mensis
1041 1218 1210 1256 Januarii,
1235 1217 1420 1256 probatum
1444 1215 1513 1245 fnit
1545 1215 1662 1245 Testa·

284 1269 441 1296 mentum
475 1265 613 1296 Domini
645 1265 816 1295 Johannis
848 1264 1067 1300 Horneastel‚
1096 1262 1252 1293 Rectoris
1280 1261 1363 1291 dum
1394 1260 1481 1290 vixit
1510 1258 1662 1290 Ecclesie

286 1310 497 1341 Parochialis
514 1310 555 1340 de
574 1309 794 1346 Lodeswelle,
813 1319 928 1339 coram
947 1308 1115 1347 Magistro
1131 1306 1304 1337 Willelmo
1324 1305 1431 1342 Piers,
1450 1302 1664 1334 Cancellario

286 1358 321 1384 et
339 1354 584 1385 Commissario
602 1354 751 1391 Domini,
768 1355 803 1383 et
827 1363 889 1392 pro
912 1352 1033 1383 eodem
1058 1362 1119 1391 per
1142 1351 1256 1390 ipsum
1281 1349 1435 1388 legitime
1459 1347 1665 1388 pronuncia·

286 1401 384 1436 tum3
416 1399 451 1428 in
474 1409 540 1438 quo
565 1398 735 1428 nominati
760 1400 839 1427 sunt
866 1397 1076 1427 Executores
1102 1394 1241 1425 Domini
1265 1394 1442 1424 Johannes
1466 1392 1666 1430 Thorsway,

286 1443 446 1473 Vicarius
474 1443 667 1481 Perpetuus
694 1441 847 1472 Ecclesie
874 1440 1086 1471 Parochialis
1114 1440 1156 1469 de
1189 1439 1356 1477 Hevytre,
1383 1436 1495 1468 David
1528 1435 1666 1475 Hughe‚

288 1487 464 1517 Gerardus
497 1486 636 1525 Foghel,
669 1485 850 1525 capellani,
882 1488 915 1515 et
958 1485 1130 1514 Robertus
1170 1482 1341 1519 Parkere3
1388 1481 1445 1521 qui
1476 1480 1665 1515 Johannes,

288 1531 409 1564 David„
437 1534 512 1568 etc.‚
540 1531 703 1570 jurarunt
728 1530 769 1559 de
794 1529 955 1559 faciendo
980 1528 1079 1558 fidele
1104 1526 1345 1558 Inventarium
1374 1526 1415 1555 de
1447 1525 1609 1556 omnibus
1633 1526 1668 1554 et

287 1575 433 1615 singulis
458 1575 557 1605 bonis
582 1574 666 1604 dicti
691 1573 858 1611 defuncti,
883 1575 917 1603 et
943 1573 1072 1603 habent
1089 1572 1181 1602 diem
1205 1570 1302 1601 Jovis
1318 1570 1475 1610 proximo
1491 1574 1570 1608 post
1589 1568 1666 1598 Fes-

286 1622 361 1649 tum
381 1619 507 1649 Sancte
525 1619 673 1658 Agathe,
691 1618 857 1657 Virginis,
875 1620 909 1647 et
927 1617 971 1647 ad
987 1616 1221 1647 exhibendum
1246 1614 1447 1655 hujusmodi
1471 1612 1667 1643 Inventari·

286 1674 345 1693 um
370 1664 405 1693 in
431 1663 587 1693 Ecclesia
612 1662 812 1692 Cathedrali
836 1662 976 1699 Exonie,
1005 1671 1121 1691 coram
1147 1659 1295 1690 Domino
1319 1658 1373 1688 vel
1398 1658 1474 1698 ejus
1499 1657 1666 1688 Commis-

288 1708 388 1745 sario,
405 1710 471 1737 etc.
518 1707 660 1737 Decimo
677 1707 732 1736 die
751 1705 931 1736 Februarii
954 1706 1224 1744 comparuerunt
1242 1704 1453 1733 Executores
1469 1701 1615 1741 predicti
1633 1700 1669 1730 in

289 1751 443 1782 Ecclesia
460 1751 617 1790 predicta
635 1761 750 1781 coram
774 1750 895 1780 eodem
914 1748 1170 1786 Commissario,
1188 1750 1223 1778 et
1247 1747 1480 1778 exhibuerunt
1505 1745 1668 1776 Inventa-

291 1796 392 1832 rium,
410 1795 453 1825 ad
471 1805 643 1825 summam
659 1795 747 1834 llezss.
764 1794 876 1833 xviijs.
893 1793 951 1833 jd.,
976 1795 1011 1823 et
1028 1792 1121 1832 ipsis,
1138 1792 1175 1822 in
1191 1792 1305 1822 forma
1321 1791 1408 1831 juris
1424 1790 1560 1830 juratis,
1578 1799 1668 1820 com·

290 1840 395 1870 missa
412 1839 479 1869 fuit
497 1839 770 1869 Administracio
788 1838 870 1868 dicti
888 1837 1045 1867 defuncti
1062 1837 1241 1867 bonorum.

245 1893 399 1930 Letters
430 1892 719 1942 Dimissory,—

243 1948 375 1978 Walter
391 1948 484 1984 Pers,
503 1947 607 1985 clerk,
624 1947 725 1984 prim.
743 1949 838 1984 tons„
857 1946 874 1958 ‘⁸'
889 1946 933 1976 ad
950 1955 1070 1976 omnes
1088 1948 1160 1976 tam
1179 1945 1340 1983 Minores,
1358 1954 1453 1984 quos,
1471 1949 1546 1982 ete,
1565 1953 1669 1984 quam

288 1992 397 2022 eciam
417 1991 540 2022 Sacros
558 1991 705 2021 Ordines
719 1990 735 2002 ''
758 1990 883 2030 (Clyst,
901 1990 944 2020 :26
960 1987 1068 2029 Jan.).

134 2045 221 2105 222³·
243 2045 462 2095 Ottery-st.
500 2045 624 2094 Mal-y,
660 2043 729 2081 the
758 2044 974 2092 Collegiate
1004 2042 1161 2081 Church
1191 2042 1232 2079 of
1249 2055 1258 2088 3
1295 2041 1572 2091 Cvmpulsoria
1595 2055 1670 2091 pro

137 2112 227 2142 mus]
303 2099 517 2147 Capellam
538 2097 811 2146 ,stipendiario
831 2098 885 2134 acl
902 2097 1199 2134 deserviendmn
1230 2096 1400 2141 Cures*

246 2154 405 2190 Thomas,
423 2161 499 2189 etc„
518 2154 656 2183 Decano
674 2153 715 2183 dc
733 2152 930 2183 Dunsforde
948 2163 987 2183 ac
1005 2152 1144 2183 Vicario
1164 2151 1321 2192 ejusdem
1347 2151 1438 2189 Loci,
1457 2151 1670 2191 singulisque

291 2198 430 2229 Curatis
450 2195 686 2237 [Decanatus]
705 2197 872 2237 ejusdem,
887 2197 1046 2232 salutem,
1060 2196 1225 2227 etc—Ex
1238 2198 1336 2235 parte
1350 2196 1488 2226 Domini
1500 2196 1671 2226 ,Iohannis

293 2242 523 2281 Langeleghe,
538 2241 689 2271 Ministri
709 2241 861 2272 Ecclesie
880 2244 996 2271 nostro
1016 2241 1205 2279 Collegi-ate
1224 2240 1349 2270 Sancte
1367 2240 1474 2271 Mario
1492 2241 1534 2270 dc
1553 2242 1670 2280 Otery,

292 2292 368 2320 etc,
393 2286 437 2316 ad
463 2296 564 2325 quem
591 2286 633 2315 de
661 2285 847 2324 Capellano
874 2285 1008 2325 ydoneo
1034 2285 1077 2315 ad
1103 2284 1368 2315 deserviendum
1396 2284 1485 2315 Cure
1514 2284 1669 2325 ejusdem

294 2330 456 2365 Ecclesie,
484 2329 685 2359 Parocliiam
715 2329 875 2359 diffusam
901 2331 936 2359 et
960 2328 1189 2370 parochianos
1212 2328 1247 2358 in
1272 2328 1497 2358 multitudine
1534 2329 1671 2368 copiosa

294 2374 464 2412 habentis,
483 2384 571 2411 cum,
586 2376 727 2413 propter
743 2373 991 2413 occupaciones
1004 2373 1128 2413 quibus
1141 2373 1279 2403 racione
1294 2373 1403 2403 Officii
1418 2372 1672 2403 Ministeriatus

295 2418 347 2448 sui
364 2418 476 2457 ipsum
496 2418 676 2448 intendere
694 2420 863 2457 oporteat,
881 2427 943 2457 per
959 2427 994 2447 se
1012 2417 1046 2447 id
1064 2420 1213 2457 nequeat
1233 2417 1407 2456 perficere,
1426 2417 1577 2456 pertinet
1595 2427 1669 2456 pro-

295 2462 421 2494 videre,
439 2462 537 2491 nobis
554 2462 690 2491 noviter
706 2461 822 2491 extitit
840 2462 1039 2491 intimatum
1059 2461 1147 2501 quod
1165 2461 1301 2501 prefata
1320 2461 1475 2491 Ecclesia
1493 2461 1670 2501 Capellani

295 2506 506 2536 Parochialis
524 2506 650 2535 solacio
667 2510 719 2536 est
735 2506 875 2545 penitus
899 2506 1079 2543 destituta,
1097 2516 1136 2536 ac
1153 2505 1293 2545 quidam
1312 2505 1481 2535 Dominus
1499 2505 1672 2536 Hem-icus

141 2548 272 2586 compul-
298 2550 466 2588 Clement,
485 2550 693 2589 Capellanus
710 2560 778 2579 non
794 2549 1030 2587 beneficiatus,
1047 2550 1090 2579 ad
1114 2549 1380 2579 deserviendum
1406 2549 1494 2580 Cure
1520 2549 1672 2580 Ecclesie

141 2591 431 2647 {agffiemprefate
463 2594 629 2634 ydoneus,
662 2593 798 2623 cuidam
830 2593 993 2633 obsequio
1024 2594 1169 2633 privato,
1199 2603 1258 2623 scu
1286 2593 1462 2632 peculiari,
1491 2593 1671 2633 cujusdam

139 2649 175 2675 ad
189 2649 278 2674 deser·
299 2638 544 2668 Fraternitatis
569 2638 604 2667 in
630 2637 783 2667 Ecclesia
801 2637 994 2668 Parochiali
1011 2638 1052 2667 <le
1072 2637 1268 2667 Dunsfordc
1286 2637 1447 2675 deservit,
1464 2647 1526 2676 pro
1545 2638 1672 2668 Fratri-

141 2682 272 2708 viendum
297 2682 361 2712 bus
378 2684 412 2712 et
432 2682 612 2712 Sororibus
630 2681 785 2721 ejusdem
806 2681 1050 2711 Fraternitatis
1068 2681 1193 2711 Divina
1210 2681 1292 2710 inibi
1318 2681 1524 2711 celebrando
1539 2696 1546 2718 ;
1571 2691 1674 2722 super

142 2716 225 2742 Cure.
296 2727 420 2766 quibus
448 2726 540 2756 idem
569 2726 738 2756 Dominus
765 2726 952 2762 Johannes,
983 2725 1142 2755 Minister
1166 2725 1335 2764 prefatus,
1364 2725 1429 2755 sibi
1457 2735 1519 2765 per
1544 2736 1606 2756 nos
1632 2726 1673 2756 de

296 2777 466 2810 oportuno
483 2770 636 2800 remedio
653 2770 689 2799 in
706 2770 770 2799 hae
786 2773 885 2809 parte
898 2769 999 2809 petiit
1011 2769 1194 2808 provideri.
1242 2769 1418 2806 Nolentes‚
1433 2769 1549 2809 igitur,
1561 2770 1673 2800 eidem

297 2815 333 2844 in
358 2824 420 2845 sua
448 2815 567 2845 deesse
598 2814 748 2854 justicia,
781 2813 883 2844 sicuti
915 2823 978 2843 nec
1010 2813 1185 2845 debemus.
1217 2813 1446 2852 periculisque
1478 2814 1673 2844 animarum

297 2869 478 2890 occurrere
506 2858 696 2898 cupientes,
725 2858 832 2895 vobis,
859 2857 1090 2887 communiter
1117 2860 1151 2887 et
1180 2857 1328 2894 divisim,
1361 2857 1613 2888 committimus
1640 2861 1675 2888 et

297 2903 514 2941 mandamus,
532 2906 608 2941 etc.,
626 2902 799 2942 quatinus,
817 2902 845 2932 si
869 2904 922 2932 est
946 2901 1004 2939 ita,
1022 2901 1144 2941 primo,
1163 2901 1323 2939 secundo,
1348 2905 1383 2931 et
1406 2902 1513 2932 tercio
1537 2912 1576 2933 ac
1602 2912 1675 2942 per-
