1907 3212
160 300 254 347 736

156 414 232 439 AD.

157 448 230 473 1391.

157 480 219 507 Vol,
237 481 258 507 Ι.

158 680 204 706 fol.
219 682 276 705 ¹329.

365 313 463 345 THE
505 312 745 345 REGISTER
781 311 841 343 OF
876 310 1054 344 BISHOP
1094 310 1497 343 BRANTYNGHAM.

313 417 409 456 pales
426 416 617 454 extiterint,
636 418 670 446 et
687 415 731 446 ad
748 425 808 446 eas
825 414 1070 445 consueverint
1094 414 1151 454 qui
1175 424 1238 454 per
1261 413 1471 445 eleccionem
1495 413 1636 450 assumi,
1659 423 1700 444 ac

313 472 371 491 eas
388 461 587 501 optinentes
603 471 666 500 pro
679 463 835 499 tempore
849 459 893 489 ad
910 459 1128 499 personalem
1145 459 1373 489 residenciam
1391 459 1427 488 in
1440 459 1490 489 eis
1502 458 1699 488 faciendam

312 516 375 544 per
399 506 637 545 juramentum
670 504 818 543 astringi
847 504 992 542 soleant,
1019 504 1127 533 libere
1158 503 1312 542 recipere
1344 503 1478 540 valeas;
1520 502 1700 533 Generalis

315 549 460 579 Cone-ilii
484 551 519 579 et
543 549 818 588 quibuscumque
845 548 922 578 aliis
955 547 1277 578 Constitucionibus
1308 547 1530 587 Apostolicis,
1563 556 1696 576 necnon

316 593 466 624 Statutis
478 595 514 624 et
529 593 848 624 Consuetudinibus
862 593 1097 623 Ecclesiarum
1114 592 1150 621 in
1167 592 1292 631 quibus
1307 591 1509 632 hujusmodi
1526 591 1701 621 Beneficia

313 638 433 668 forsan
449 638 581 668 fuerint
599 637 793 675 contrariis,
809 637 1019 677 juramento,
1036 636 1303 667 confirmacione
1320 636 1530 675 Apostolica,
1547 635 1602 665 vel
1618 645 1699 675 qua—

312 692 460 722 cumque
486 682 653 712 firmitate
682 681 751 712 alia
777 681 960 719 roboratis,
986 690 1205 720 nequaquam
1234 680 1465 718 obstantibus,
1490 680 1532 710 de
1559 679 1700 719 speciali

314 727 432 765 gracia
449 729 569 756 tenore
594 726 828 764 Presencium,
846 725 1067 756 Anctoritate
1090 725 1302 764 Apostolica,
1319 725 1572 763 dispensamus.
1619 724 1699 754 Pro-

314 771 388 801 viso
413 771 504 810 quod
532 771 707 801 Beneficia
729 770 930 810 hujusmodi
959 769 1087 800 debitis
1110 779 1180 799 non
1211 768 1422 799 fraudentur
1452 768 1636 808 obsequiis,
1665 770 1700 798 et

313 816 511 845 animarum
543 825 635 853 cura,
667 815 703 844 in
735 815 784 845 eis
811 815 937 854 quibus
963 814 1023 844 illa
1047 814 1218 852 imminet,
1242 813 1443 843 nullatenus
1467 812 1700 852 neggligatur.

315 860 420 897 Nulli,
450 870 542 899 crgo,
561 859 702 889 omnino
728 858 909 889 hominum
937 858 1041 889 liceat
1066 858 1158 888 hanc
1180 857 1346 897 paginam
1370 860 1488 887 nostre
1516 857 1699 896 Dispensa-

315 904 423 934 cionis
440 904 641 942 infrangere
662 901 754 943 (sie),
772 903 825 933 vel
843 903 873 933 ei
892 913 979 933 ausu
996 902 1183 933 temerario
1201 902 1385 932 contraire.
1423 901 1458 931 Si
1475 901 1561 941 quis,
1571 903 1700 938 autem,

314 948 378 978 hoc
410 951 622 988 attemptare
656 948 919 988 presumpserit,
952 947 1232 986 indignacionem
1266 946 1524 986 Omnipotentis
1563 946 1626 976 Dei
1665 948 1701 976 et

316 993 505 1023 Beatornm
524 993 618 1023 Petri
636 996 671 1022 et
689 992 799 1030 Pauli,
817 991 1063 1031 Apostolorum
1090 991 1185 1031 Ejus,
1203 1001 1239 1021 se
1264 991 1400 1021 noverit
1424 990 1702 1020 incursurum——

315 1038 407 1067 Data
433 1038 551 1075 Rome,
579 1037 671 1076 apud
698 1036 865 1066 Sanctum
891 1037 1046 1074 Petrum,
1071 1035 1094 1076 ij
1122 1035 1206 1065 Idus
1232 1035 1446 1074 Decembris,
1472 1034 1702 1065 Pontificatus

313 1082 424 1112 nostri
443 1082 543 1112 Anno
560 1081 712 1112 secundo
731 1079 791 1121 [12
809 1081 902 1119 Dec,
921 1078 1036 1120 1390]

270 1140 407 1177 Lifton
425 1154 433 1186 3
466 1141 705 1177 illaudatum
721 1140 776 1177 ad
787 1140 1089 1189 procurandum
1105 1138 1483 1176 Reconciliacionem
1501 1137 1702 1177 Cimiterii

321 1195 486 1232 Ecclesie
508 1195 552 1232 de
573 1195 752 1243 Lsssftone,
760 1218 810 1223 —

271 1250 431 1289 Thomas,
444 1253 520 1287 etc,
539 1251 679 1280 Decano
697 1250 739 1280 de
756 1248 966 1289 Tavystoke‚
984 1258 1024 1279 ac
1042 1249 1204 1280 omnibus
1220 1251 1256 1280 et
1274 1248 1419 1288 singulis
1437 1248 1643 1278 Rectoribus
1667 1249 1703 1278 et

316 1295 464 1325 Vicariis
496 1295 680 1334 Perpetuis
711 1294 869 1334 ejusdem
904 1294 1115 1331 Decanatus,
1144 1303 1184 1324 ac
1217 1293 1415 1334 Capellanis
1441 1292 1703 1322 Parochialibus

318 1340 444 1369 Divina
479 1339 737 1369 celebrantibus
769 1339 805 1369 in
833 1338 966 1376 eodem,
999 1338 1158 1375 salutem,
1191 1337 1522 1377 eto-Quamquam
1554 1337 1590 1366 in
1618 1336 1703 1366 Jure

317 1384 501 1413 Communi
533 1394 573 1414 ac
607 1383 814 1413 Sanctorum
848 1383 993 1412 Patrunl
1032 1382 1353 1412 Constitucionibus
1394 1381 1589 1411 dinoscitur
1627 1390 1702 1410 esse

316 1431 468 1466 cautum,
495 1438 536 1458 ae
568 1428 609 1458 de
652 1427 820 1458 laudabili
849 1426 1113 1457 Consuetudine
1148 1427 1290 1463 usitata,
1319 1426 1514 1463 observata,
1545 1425 1702 1464 legitime

317 1473 521 1511 prescripta,
538 1482 600 1512 per
624 1474 764 1511 tempus
788 1474 823 1501 et
847 1473 1008 1510 tempora
1031 1471 1131 1511 cujus
1151 1470 1318 1501 contrarii
1335 1470 1504 1500 memoria
1520 1469 1701 1499 hominum

315 1527 384 1546 non
412 1517 541 1554 existit,
570 1517 739 1546 usitatum
766 1518 801 1546 et
829 1515 1061 1555 approbatum
1087 1514 1196 1545 fuisse
1223 1517 1259 1545 et
1285 1524 1359 1544 esse
1384 1514 1475 1553 quod
1500 1513 1702 1554 parochiani

316 1561 503 1601 cujuslibet
531 1561 684 1591 Ecclesie
709 1560 866 1590 Matricis
892 1570 953 1590 seu
978 1559 1215 1598 Baptismalis,
1244 1558 1401 1589 Diocesis
1427 1558 1636 1588 Exoniensis
1661 1567 1701 1588 ac

319 1606 429 1644 Regni
450 1605 586 1644 Anglie,
606 1605 677 1635 suis
694 1604 902 1644 sumptibUS‚
921 1604 1075 1634 Ecclesie
1092 1604 1293 1634 eorumdem
1312 1602 1538 1640 Parochialis,
1557 1612 1636 1632 cum
1661 1602 1704 1631 de

316 1660 405 1680 novo
437 1652 672 1687 construatur,
705 1648 1026 1686 Consecracionem,
1058 1657 1098 1678 ac
1131 1648 1302 1678 Cimiterii
1334 1647 1492 1687 ejusdem
1525 1646 1702 1677 Dedicaci-

316 1705 428 1731 onem,
447 1704 592 1731 necnon,
606 1694 633 1723 si
650 1693 726 1733 ipsa
744 1693 924 1732 sanguinis
941 1696 1002 1722 aut
1019 1692 1162 1722 seminis
1179 1692 1348 1722 effusione
1372 1691 1479 1730 pollui
1505 1691 1703 1728 contigerit,

316 1739 464 1778 alicujus
489 1738 585 1768 facto
611 1738 798 1768 criminoso
821 1737 1009 1775 mediante,
1036 1736 1369 1767 Reconciliacionem
1394 1738 1582 1765 teneantur
1594 1737 1629 1765 et
1647 1735 1702 1765 de-

316 1783 423 1813 beant
454 1783 615 1812 celeriter
640 1792 838 1821 procurare,
870 1791 912 1811 ne
945 1781 1070 1811 Divine
1108 1781 1221 1811 laudis
1254 1790 1385 1819 organa
1416 1782 1451 1810 ct
1486 1782 1702 1809 mortuorum

318 1828 498 1867 sepultura
522 1827 557 1856 in
582 1827 713 1856 eisdem
730 1825 988 1866 quomodolibet
1013 1825 1259 1864 impediantur,
1277 1827 1338 1854 aut
1362 1824 1440 1864 plus
1465 1824 1582 1854 debito
1606 1824 1702 1853 diffe-

318 1876 442 1901 rantur
456 1885 462 1908 ;
479 1871 692 1911 parochiani,
710 1874 838 1908 tamen,
858 1870 1012 1900 Ecclesie
1030 1869 1186 1899 Matrieis
1202 1872 1237 1899 et
1252 1868 1477 1908 Baptismalis
1493 1868 1535 1898 de
1553 1867 1703 1905 Liftone,

318 1916 538 1946 Cimiterium
562 1925 622 1945 sue
648 1915 739 1945 dicte
768 1915 921 1945 Ecclesie
947 1914 1096 1944 scientes
1118 1924 1138 1944 a
1155 1914 1214 1943 diu
1230 1913 1339 1944 fuisse
1364 1916 1399 1943 et
1423 1922 1497 1943 esse
1522 1912 1702 1951 sanguinis

319 1960 487 1990 effusione
512 1960 696 2000 pollutum,
720 1962 887 1998 tanquam
912 1959 1102 1997 degeneres
1125 1958 1187 1988 filii
1211 1960 1246 1988 et
1263 1958 1403 1997 ingrati,
1421 1957 1578 1997 ejusdcm
1598 1956 1702 1986 Cimi-

318 2005 399 2034 terii
427 2004 770 2042 Reconciliacionem,
796 2003 855 2032 ubi
887 2013 1007 2033 eorum
1040 2003 1155 2033 finalis
1182 2002 1319 2042 requies
1343 2002 1385 2032 de
1417 2001 1494 2041 jure
1527 2001 1701 2031 communi

319 2049 514 2079 dinoscitur
538 2049 708 2086 ordinata,
737 2057 924 2087 procurare
950 2048 1120 2077 hactenus
1148 2047 1372 2085 distulerunt,
1398 2049 1433 2076 et
1461 2046 1628 2075 differunt
1660 2045 1702 2075 de
1741 2060 1744 2064 -

318 2093 483 2133 presenti,
502 2093 536 2122 in
563 2092 758 2122 animarum
785 2102 926 2122 suarum
954 2091 1087 2129 ⁴strande
1113 2091 1306 2130 periculum
1335 2100 1375 2120 ac
1403 2090 1605 2120 scandalum
1632 2100 1701 2119 non

320 2138 494 2167 modicum
517 2137 733 2176 aliorumque
760 2136 994 2176 perniciosum
1019 2136 1228 2175 exemplum.
1286 2135 1475 2173 Cupientes
1506 2133 1702 2164 animarum

320 2182 539 2211 subditorum
553 2184 752 2211 nostrorum
765 2181 879 2218 saluti,
892 2183 932 2210 ut
942 2183 1114 2217 tenemur,
1128 2179 1244 2210 debite
1261 2179 1452 2218 providere,
1466 2178 1703 2218 premissaque

320 2226 454 2256 diucius
468 2225 575 2255 oculis
587 2225 853 2255 conniventibus
865 2227 1082 2264 nequeuntes
1095 2224 1224 2264 absque
1238 2223 1391 2253 remedio
1404 2223 1565 2253 tollerare
1576 2237 1583 2259 3
1595 2222 1703 2259 vobis,

319 2270 535 2309 conjunctim
553 2272 586 2299 et
605 2269 754 2308 divisim,
772 2269 1025 2299 committimus
1043 2272 1077 2298 et
1095 2269 1302 2298 mandamus
1319 2267 1484 2307 quatinus
1497 2267 1623 2305 citetis,
1637 2269 1703 2296 etc.

322 2313 373 2353 (in
390 2315 442 2344 the
459 2324 525 2343 com
534 2324 607 2343 mon
619 2311 899 2353 form).-—Dated
915 2316 951 2343 at
970 2312 1176 2352 Chudleigh,
1194 2312 1237 2342 29
1253 2312 1342 2351 Aug.

164 2373 243 2403 [31η-
271 2374 441 2411 Genera]
465 2374 627 2411 Licence
641 2387 651 2419 3
686 2379 721 2410 to
741 2372 988 2418 celebrate,—

166 2415 176 2430 ’1
187 2415 241 2432 EM<

166 2442 246 2470 mm.)
275 2430 376 2467 Item,
394 2430 533 2467 ibidem,
550 2429 663 2468 primo
676 2429 731 2459 die
748 2428 879 2458 mensis
897 2427 1122 2467 Septembris,
1141 2427 1310 2457 Dominus
1323 2426 1493 2457 concessit
1507 2426 1703 2456 Licenciam

319 2474 466 2504 Domino
490 2473 620 2503 Thome
648 2473 810 2509 Bai-tone,
834 2472 1009 2502 Canonico
1038 2472 1189 2502 Ecclesie
1213 2471 1403 2510 Collegiate
1432 2471 1558 2501 Sancte
1583 2470 1705 2500 Crucis

322 2518 535 2558 Cryditonie,
547 2517 637 2557 quod
654 2517 764 2556 possit
779 2517 955 2547 celebrare
973 2516 1099 2546 Divina
1115 2517 1150 2546 in
1169 2516 1441 2555 quibuscumque
1459 2514 1619 2554 CapelliS,
1632 2515 1704 2544 sive

321 2562 501 2599 Oratoriis,
530 2565 590 2591 aut
611 2562 688 2592 aliis
713 2561 797 2591 locis
820 2561 983 2598 congruis
1006 2563 1041 2590 et
1066 2560 1231 2598 honestis,
1249 2559 1342 2590 infra
1360 2559 1546 2589 Civitatem
1565 2562 1599 2588 et
1626 2559 1702 2588 Dio-

321 2606 427 2637 eesim
457 2606 670 2636 Exonienses
686 2605 833 2635 ubilibet
853 2605 1002 2642 situatis,
1020 2607 1055 2634 et
1076 2615 1137 2644 per
1160 2604 1370 2644 presbiteros
1397 2603 1551 2643 ydoneos
1578 2603 1613 2632 in
1642 2612 1704 2632 sua

322 2651 511 2690 presencia,
529 2651 658 2690 absque
675 2649 868 2690 prejudicio
885 2649 1008 2687 alieno,
1026 2648 1142 2679 facere
1167 2648 1353 2685 celebrari;
1378 2648 1422 2678 ad
1446 2646 1702 2687 beneplacitum

321 2695 471 2733 Domini,
488 2697 553 2725 etc.

275 2749 428 2785 Polsloe
450 2748 591 2797 Priory
609 2761 618 2793 3
649 2747 834 2784 Licencia
848 2760 923 2796 pro
938 2747 1137 2792 Polsl0‚-

277 2804 437 2840 Thomas,
455 2809 531 2839 etc„
550 2803 698 2833 Domino
722 2803 873 2833 Johanni
901 2802 1021 2842 Grym,
1046 2802 1249 2841 presbitero,
1272 2801 1431 2838 salutem,
1455 2799 1618 2830 etc.-—De
1643 2800 1702 2828 tue

321 2848 535 2877 consciencie
552 2847 704 2886 puritate
722 2847 860 2886 plenam
885 2847 921 2876 in
946 2846 1094 2876 Domino
1120 2846 1284 2876 fiduciam
1313 2845 1523 2884 optinentes,
1537 2843 1580 2872 ad
1608 2842 1702 2872 audi-

321 2892 460 2930 endum,
478 2891 512 2921 in
538 2891 614 2921 foro
640 2891 766 2930 anime,
786 2890 1030 2921 Confessiones
1057 2890 1225 2921 Priorisse
1251 2892 1286 2921 et
1313 2887 1603 2920 Commonialium
1631 2886 1701 2917 Pri-
