1907 3212
799 343 1064 378 APPENDIX.
1611 332 1704 377 899

781 644 1102 686 APPENDIX.

926 747 958 784 Ι.

284 821 378 860 Τ1115
416 824 655 873 interesting
694 823 920 861 Document
956 822 1120 872 belongs
1158 827 1200 860 to
1238 822 1307 860 the
1345 823 1442 860 time
1480 822 1521 859 of
1559 821 1709 872 Bishop

338 877 565 926 Stapeldon.
635 878 678 914 It
716 891 795 914 was
832 877 995 914 written
1032 890 1084 914 on
1121 890 1144 913 a
1182 876 1306 914 blank
1343 889 1442 926 page
1480 877 1522 913 in
1561 875 1710 925 Bishop

338 930 674 981 Brantyngham's
704 931 890 981 Register
918 930 959 968 of
987 930 1259 976 Ordinations,
1290 935 1377 976 etc.,
1408 930 1475 968 fol.
1509 929 1568 968 27.
1628 929 1712 967 The

339 984 489 1034 Chapel
509 985 551 1022 of
570 986 626 1022 St.
650 984 763 1022 Laud
785 986 846 1034 (or
865 985 921 1022 St.
946 984 1019 1034 Lo)
1042 998 1121 1022 was
1141 984 1369 1034 dependent
1388 998 1439 1022 on
1460 984 1529 1022 the
1549 983 1710 1021 Church

338 1038 380 1075 of
408 1039 464 1075 St.
489 1039 618 1088 Mylor
646 1039 708 1076 till
737 1039 806 1076 the
833 1052 928 1088 year
962 1039 1072 1084 1868,
1105 1038 1220 1075 when
1248 1039 1282 1075 it
1310 1052 1390 1075 was
1419 1037 1582 1076 severed
1610 1038 1713 1075 from

339 1092 407 1130 the
440 1092 771 1130 Mother-Church
805 1092 883 1129 and
918 1092 1077 1130 became
1109 1106 1133 1129 a
1166 1096 1347 1142 separate
1382 1092 1591 1142 Vicarage.
1649 1092 1713 1129 On

339 1145 407 1183 the
429 1146 500 1183 9ch
521 1146 562 1184 of
582 1147 734 1192 March,
759 1146 825 1184 the
845 1146 924 1196 day
943 1146 1077 1184 before
1098 1146 1166 1183 the
1186 1146 1280 1184 date
1300 1146 1341 1183 of
1360 1146 1441 1183 this
1472 1147 1710 1191 Document,

340 1199 408 1237 the
428 1200 578 1249 Bishop
598 1200 690 1238 held
709 1214 760 1237 an
782 1200 1023 1238 Ordination
1052 1201 1094 1237 in
1124 1200 1204 1237 this
1225 1200 1376 1249 Chapel
1404 1200 1485 1237 and
1513 1199 1712 1237 admitted

341 1253 576 1304 thirty-four
612 1254 844 1292 candidat-es
883 1254 1031 1305 (whose
1068 1267 1203 1291 names
1241 1268 1307 1291 are
1347 1254 1533 1292 recorded
1571 1255 1613 1291 in
1653 1253 1714 1290 his

341 1307 543 1358 Register)
591 1312 633 1346 to
670 1308 739 1346 the
787 1309 895 1345 First
932 1308 1251 1346 Tonsure.—See
1288 1308 1436 1357 Bishop
1473 1307 1716 1357 Stapeldon's

340 1361 525 1410 Εεῃὶετεϊ,
547 1375 646 1412 page
667 1363 753 1399 459.
1442 1366 1446 1369 ’

287 1425 544 1532 ΒθΜθὲρῗΠει
577 1427 716 1464 Sancti
752 1426 891 1472 Laudi,
922 1428 1040 1476 juxta
1075 1427 1243 1472 Penren,
1279 1427 1322 1463 in
1352 1426 1555 1464 Cornubia
1586 1425 1715 1479 [hodie

388 1493 411 1516 a
441 1493 461 1517 e
484 1510 490 1517 .

178 1542 265 1572 [A-D·
294 1545 476 1577 Universis
493 1550 672 1586 presentes
690 1547 826 1577 Literas
842 1547 1051 1586 inspecturis
1067 1546 1122 1577 vel
1141 1547 1324 1585 audituris,
1342 1547 1525 1584 Wasterus,
1543 1547 1718 1587 permissi-

176 1577 291 1606 1308·9.]
337 1600 402 1620 one
428 1590 555 1621 Divina
584 1591 788 1622 Exoniensis
813 1591 1014 1631 Episcopus,
1032 1591 1181 1621 salutem
1205 1591 1241 1620 in
1266 1591 1527 1622 Domino—Ad
1550 1591 1717 1622 universi-

333 1634 418 1665 tatis
434 1638 550 1666 vestre
574 1635 751 1673 noticiam,
770 1638 805 1665 et
829 1636 873 1666 ad
896 1638 1103 1675 perpetuam
1127 1635 1177 1665 rei
1202 1635 1417 1673 memoriam,
1434 1638 1555 1666 tenore
1573 1636 1716 1666 Presen-

334 1679 425 1709 cium
443 1679 602 1710 volumus
626 1680 808 1719 pervenire
832 1680 933 1720 quod,
951 1690 1028 1709 cum
1054 1690 1117 1710 1105
1134 1690 1246 1719 nuper
1268 1679 1305 1709 in
1322 1680 1619 1710 Archidiaconatu
1637 1680 1717 1710 Cor-

332 1723 503 1761 nubiensi‚
522 1724 731 1754 auctoritate
758 1725 961 1763 Dyocesana
986 1724 1102 1754 debite
1119 1724 1343 1754 Visitacionis
1367 1724 1517 1754 officium
1543 1734 1716 1754 exercere-

334 1777 421 1805 mus,
450 1771 553 1807 prout
576 1770 695 1798 nostro
719 1768 889 1798 incumbit
913 1768 1033 1805 officio,
1059 1768 1254 1807 comparuit
1278 1778 1394 1798 coram
1420 1768 1519 1799 nobis
1543 1768 1718 1798 lValterus

335 1811 377 1841 de
402 1812 622 1851 Carnduyou,
640 1812 849 1842 Procurator
871 1812 1162 1852 parochianorum
1181 1812 1320 1851 Capelle
1346 1812 1466 1842 Sancti
1483 1812 1603 1850 Laudi,
1619 1812 1719 1852 juxta

335 1855 481 1893 Penren,
498 1858 616 1886 nostre
634 1856 799 1893 Diocesis,
816 1866 878 1895 pro
895 1866 931 1886 se
949 1861 983 1886 et
1001 1856 1298 1895 comparochianis
1315 1857 1396 1894 suis,
1409 1857 1547 1887 Mati-ici
1564 1856 1718 1887 Ecclesie

337 1899 455 1929 Sancti
482 1900 603 1930 Melori
627 1900 856 1939 dependentis
883 1903 917 1930 et
949 1900 1117 1939 subjecte,
1146 1910 1166 1930 a
1196 1903 1352 1940 tempore
1385 1910 1405 1930 a
1429 1911 1495 1940 quo
1520 1910 1589 1931 non
1621 1903 1717 1931 extat

336 1944 513 1981 memoria,
531 1954 609 1974 cum
626 1946 781 1974 tractatu
796 1944 980 1983 prehabito
997 1948 1032 1974 et
1049 1954 1219 1974 consensu
1235 1945 1390 1974 omnium
1414 1945 1717 1984 parochianorum,

335 1987 501 2027 legitime,
517 1988 617 2027 juxta
633 1988 783 2018 formam
802 1988 1035 2018 Procm·atorii
1053 1988 1115 2026 sui,
1134 1999 1153 2018 a
1170 1988 1336 2027 predictis
1352 1989 1573 2028 parochianis
1590 1989 1716 2020 consti-

336 2032 591 2071 tutus,—cujus
608 2032 841 2062 Procuratorii
866 2035 967 2062 tenor
989 2032 1070 2062 talis
1094 2033 1329 2069 est,—Pateat
1353 2033 1526 2064 universis
1550 2043 1612 2073 per
1636 2034 1715 2064 Pre-

337 2077 454 2106 sentes
470 2076 560 2115 quod
576 2087 649 2113 nos,
666 2076 686 2106 J
689 2076 843 2106 ohannes
868 2076 910 2106 de
935 2076 1175 2116 Trenewythe,
1195 2076 1373 2107 Galfridus
1393 2077 1435 2108 de
1452 2078 1573 2116 Anter,
1592 2078 1717 2108 Nicho-

337 2119 412 2150 laus
440 2120 482 2150 de
511 2120 712 2160 Tremoghe,
740 2123 775 2150 et
800 2120 907 2151 ceteri
934 2121 1135 2160 parochiani
1162 2120 1302 2161 Capelle
1327 2121 1445 2151 Sancti
1472 2122 1592 2159 Laudi,
1617 2122 1718 2162 juxta

337 2164 482 2201 Penren,
511 2174 531 2194 a
557 2164 751 2195 Parochiali
777 2165 932 2195 Ecclesia
957 2164 1076 2195 Sancti
1104 2165 1225 2195 Melori
1250 2168 1289 2195 ut
1315 2165 1455 2205 Capella
1479 2166 1717 2205 dependentis,

338 2208 542 2238 Exoniensis
559 2208 723 2247 Diocesis,
742 2209 915 2239 communi
932 2211 1088 2239 tractatu
1103 2209 1286 2248 prehabito
1303 2212 1337 2239 et
1355 2220 1526 2241 consensu
1542 2211 1718 2241 communi

338 2252 373 2281 in
397 2252 558 2282 omnibus
583 2253 696 2283 causis
719 2256 754 2283 et
778 2253 932 2292 negociis
955 2253 1094 2291 nostris,
1112 2264 1174 2284 nos
1192 2256 1226 2283 et
1246 2260 1402 2284 nostram
1428 2255 1716 2285 communitatem

338 2296 636 2336 qualitercumque
667 2297 893 2337 tangentibus
923 2297 1028 2328 motis
1059 2300 1095 2327 et
1130 2298 1310 2328 movendis
1341 2298 1650 2339 qualitercumque,
1682 2305 1717 2329 et

339 2350 453 2370 coram
473 2341 746 2380 quibuscumque
769 2342 790 2371 J
793 2341 961 2379 udicibus,
978 2351 1231 2381 quamcumque
1254 2341 1536 2381 jurisdiccionem
1562 2353 1622 2373 seu
1646 2353 1716 2374 mo-

338 2384 473 2414 cionem
489 2384 708 2423 habentibus,
720 2385 884 2415 dilectum
903 2386 1002 2416 nobis
1019 2386 1054 2415 in
1068 2385 1218 2423 Christo,
1232 2386 1423 2416 Waltcrum
1441 2387 1482 2417 de
1495 2387 1716 2427 Carnduyou,

338 2429 665 2467 comparochianum
683 2432 851 2467 nostrum,
869 2430 1134 2460 Procuratorem
1151 2435 1310 2460 nostrum
1331 2430 1491 2469 facimus,
1505 2431 1716 2468 ordinamus,

338 2475 373 2502 61
397 2473 642 2503 constituimus
665 2483 727 2512 per
750 2473 944 2504 Presentes.
991 2474 1123 2504 Dantes
1146 2474 1258 2504 eidem
1284 2475 1504 2505 Procuratori
1522 2478 1641 2506 nostro
1659 2486 1715 2515 po-

339 2518 502 2546 testatem
527 2517 724 2555 generalem
747 2517 886 2548 nomine
903 2523 1022 2548 nostro
1038 2521 1073 2548 ct
1097 2519 1302 2548 mandatum
1320 2519 1468 2558 speciale
1485 2519 1621 2559 agendi,
1640 2530 1715 2550 nos-

338 2570 403 2599 que
429 2560 649 2598 defendendi,
675 2561 852 2600 quodlibet
877 2572 986 2601 genus
1013 2562 1100 2592 liciti
1126 2562 1327 2602 juramenti,
1353 2565 1426 2592 tam
1451 2563 1492 2593 de
1518 2563 1716 2603 calumpnia

338 2614 441 2643 quam
459 2604 500 2634 de
518 2605 665 2635 veritate
681 2605 838 2642 dicenda,
854 2606 889 2635 in
907 2606 1041 2636 animas
1058 2609 1196 2636 nostras
1219 2606 1369 2646 jurandi,
1387 2610 1421 2636 ct
1447 2607 1714 2638 Ordinacionem

340 2648 550 2679 Canonicam
578 2649 795 2679 Venerabilis
822 2649 948 2687 Patris,
977 2650 1116 2679 Domini
1145 2650 1298 2688 walteri,
1332 2651 1457 2680 Divina
1488 2651 1715 2690 permissione

340 2691 543 2723 Exoniensis
560 2692 731 2732 Episcopi,
748 2693 783 2722 in
803 2696 971 2732 quantum
996 2703 1059 2724 nos
1082 2696 1117 2723 et
1141 2694 1409 2724 Dedicacionem
1434 2694 1573 2734 Capelle
1598 2698 1715 2726 nostre

340 2736 494 2775 predicte
511 2739 545 2766 61
563 2736 720 2776 ejusdem
739 2736 909 2767 Cimiterii
927 2737 1097 2777 contingit
1122 2738 1261 2776 petendi
1287 2742 1321 2768 et
1346 2738 1566 2775 admittendi,
1583 2742 1617 2769 et
1643 2749 1714 2770 sus-

339 2780 499 2819 cipiendi,
517 2783 553 2810 ct
576 2780 688 2811 cidem
713 2781 885 2820 legittime
909 2781 1191 2820 obtemperandi3
1215 2791 1361 2820 necnon,
1379 2783 1493 2812 onmia
1519 2786 1554 2813 et
1579 2783 1715 2822 singula

339 2824 407 2854 alia
423 2823 585 2862 faciendi,
603 2824 820 2864 procurandi,
839 2828 874 2855 et
890 2825 1095 2864 expediendi
1113 2835 1177 2865 que
1195 2825 1307 2865 quivis
1324 2826 1532 2856 Procurator
1547 2826 1663 2857 facere
1681 2834 1714 2857 et

340 2868 501 2907 expedire
518 2869 637 2908 possit,
654 2869 764 2899 eciam
782 2869 810 2899 si
825 2869 1030 2899 mandatum
1047 2869 1188 2909 exigant
1206 2869 1364 2908 speciale,
1376 2879 1449 2900 rcm
1466 2874 1578 2901 ratam
1596 2870 1716 2901 haberi

340 2914 376 2942 et
391 2912 585 2952 judicatum
604 2912 687 2943 solvi
705 2923 766 2952 pro
783 2913 903 2944 eodem
922 2913 984 2943 sub
1000 2913 1173 2953 ypotheca
1188 2923 1304 2944 rerum
1322 2916 1519 2944 nostrarum
1544 2915 1716 2954 promitti-
