1907 3212
207 282 306 327 696-

206 394 280 421 A.D.

207 430 279 453 1390.

208 461 268 487 Vol.
290 461 312 487 Ι.

208 749 255 775 fol.
271 749 346 774 205b.

422 294 521 328 THE
557 291 796 327 REGISTER
831 289 890 325 OF
925 289 1101 325 BISHOP
1136 287 1536 324 BRANTYNGHAM.

362 397 538 428 maliciose
555 399 590 428 et
607 399 738 427 temere
755 397 950 427 statuentes
967 405 1007 426 ac
1023 394 1117 425 inter
1133 404 1168 425 se
1185 393 1305 425 illicite
1317 393 1518 425 ordinantes
1529 392 1619 434 quod
1632 391 1746 422 casius

367 440 444 481 (sic)
473 444 509 472 et
530 441 695 479 butirum,
723 450 764 471 ac
791 440 900 471 eciam
924 440 1037 479 pisces
1054 439 1090 469 in
1105 438 1194 469 mari
1211 438 1314 478 capti,
1330 438 1521 478 prescripte
1539 436 1692 467 Ecclesie
1709 437 1745 465 et

365 486 503 516 Rectori
519 485 676 525 ejusdem
694 484 834 515 nomine
851 484 984 515 decime
1001 483 1129 521 debita,
1154 483 1297 513 minime
1314 482 1510 520 salirentur,
1528 483 1649 512 eontra
1665 490 1743 511 con·

362 530 593 567 suetudinem,
611 540 632 559 a
647 532 804 568 tempore
829 528 928 568 cujus
952 527 1118 558 contrarii
1145 527 1314 558 memoria
1330 527 1510 557 hominum
1528 535 1598 556 non
1614 524 1744 560 existit,

362 575 398 604 in
416 573 586 604 Parochia
602 574 693 604 dicte
712 573 865 604 Ecclesie
882 572 1045 603 continue
1065 571 1244 609 usitatam,
1261 581 1301 602 ac
1317 571 1520 602 inconcusse
1537 572 1572 601 et
1589 568 1745 609 legitime

363 618 603 655 observatam3
630 628 670 648 ac
695 618 787 657 quod
813 617 931 647 nullus
955 615 1187 656 parochianus
1209 615 1346 655 prefate
1375 615 1529 645 Ecclesie
1554 624 1575 644 a
1598 613 1745 644 Rectore

363 663 454 693 dicte
484 662 637 692 Ecclesie
662 663 716 692 vel
742 662 970 692 Procuratore
999 670 1060 691 suo
1086 659 1239 690 decimas
1266 659 1453 699 garbarum
1480 658 1574 688 infra
1598 657 1745 688 eandem

362 707 563 746 parochiam
579 706 826 746 provenientes
848 707 1007 736 emerent
1023 714 1160 744 quoquo
1176 704 1295 740 mod03
1313 704 1333 734 J
1336 713 1399 733 ura
1415 706 1451 733 et
1468 703 1664 733 Libertates
1681 701 1744 731 Ec-

364 751 559 781 clesiastica
575 754 706 781 temere
723 750 894 787 violando,
919 749 1166 788 occasioneque
1182 748 1428 788 premissorum
1456 747 1585 777 dictam
1603 745 1747 786 Majoris

364 795 746 825 Excomniunicacionis
764 794 987 824 Sentenciam
1005 792 1276 832 dampnabiliter
1300 791 1519 829 incurrendo,
1544 801 1611 830 qua
1635 799 1745 820 rema-

362 842 447 869 nent
461 839 631 870 hactenus
647 839 816 876 innodati,
833 841 899 869 etc.
950 837 1117 876 Quocirca
1140 836 1248 874 vobis,
1266 838 1342 873 etc„
1360 835 1567 866 mandamus
1583 834 1747 874 quatinus

365 882 450 923 (etc,
469 884 501 913 in
522 882 576 914 the
593 893 741 914 common
754 880 1033 922 form).-—Dated
1050 884 1087 911 at
1103 881 1287 920 Paignton,
1307 881 1348 910 18
1368 880 1478 919 April.

318 937 557 987 Ermington
571 950 581 984 3
613 937 974 985 Testamentarffi—

210 992 296 1017 Nota.
318 993 479 1031 Thomas,
496 995 572 1031 etc.‚
598 993 737 1023 Decano
763 993 804 1022 de
829 992 1048 1031 Plymptone,
1066 993 1102 1021 et
1125 990 1264 1021 Vicario
1289 989 1441 1020 Ecclesie
1466 987 1679 1019 Parochialis
1704 987 1746 1018 de

365 1037 546 1077 Modbyry,
565 1038 724 1073 salutem,
742 1036 944 1067 etc—Cum
960 1035 1051 1065 bona
1068 1035 1220 1073 mobilia,
1238 1034 1355 1065 onmia
1371 1036 1407 1064 et
1427 1033 1574 1073 singula,
1591 1042 1655 1073 que
1680 1032 1745 1062 Do-

364 1082 480 1112 minus
503 1081 676 1112 Robertus
701 1081 881 1121 Knygthe,
898 1080 1108 1119 capellanus,
1127 1079 1170 1109 ab
1192 1079 1370 1116 intestato,
1388 1079 1428 1107 ut
1451 1077 1588 1115 dicitur,
1605 1076 1746 1107 defunc-

364 1129 431 1164 tus,
446 1126 481 1156 in
498 1126 628 1156 nostris
646 1125 796 1156 Civitate
809 1125 864 1155 vel
881 1124 1018 1154 Diocesi
1036 1124 1118 1153 dum
1131 1122 1219 1153 vixit
1235 1123 1359 1154 habuit
1372 1124 1407 1152 et
1423 1121 1587 1161 possedit,
1601 1130 1747 1161 quorum

364 1170 647 1208 Administracio,
664 1169 804 1200 racione
820 1168 1045 1199 Visitacionis
1068 1170 1187 1198 nostre
1212 1167 1248 1197 in
1270 1166 1568 1198 Arcliidiaconatu
1591 1164 1746 1196 Tottoni-

365 1214 439 1245 ensi
456 1214 527 1254 jam
545 1214 741 1254 pendentis,
761 1211 898 1253 [nobis]
917 1213 1111 1243 dinoscitur
1126 1212 1312 1252 pertinere,
1329 1221 1372 1241 ne
1390 1210 1635 1250 dilapidentur,
1650 1209 1747 1240 dissi-

363 1261 502 1298 pentur,
519 1259 574 1289 vel
591 1260 843 1289 consumantur
859 1257 1000 1298 injuste,
1018 1266 1058 1287 ac
1075 1266 1116 1286 ex
1133 1256 1209 1287 aliis
1225 1255 1391 1295 legitimis
1413 1254 1527 1286 causis
1543 1264 1605 1284 nos
1621 1254 1657 1284 in
1681 1253 1747 1284 hac

363 1306 463 1342 parte
487 1303 719 1340 moventibus,
744 1302 945 1332 duxerimus
970 1300 1230 1341 sequestranda,
1251 1302 1356 1339 prout
1379 1301 1499 1329 tenore
1523 1298 1747 1329 Presencium

364 1350 643 1387 sequestramus;
667 1346 774 1385 vobis,
792 1346 909 1386 igitur,
927 1345 1160 1376 communiter
1176 1347 1212 1375 et
1236 1344 1385 1381 divisim,
1401 1346 1477 1382 etc.,
1495 1342 1748 1373 committimus

364 1395 399 1422 et
415 1392 624 1422 mandamns
640 1390 805 1431 quatinus
828 1390 1030 1430 hujusmodi
1055 1389 1281 1429 Sequestrum
1304 1391 1464 1418 nostrum
1488 1387 1525 1417 in
1549 1386 1648 1417 bonis
1671 1396 1746 1426 pre-

365 1436 467 1467 dictis
482 1436 529 1466 sic
542 1435 651 1466 fuisse
669 1437 704 1465 et
721 1445 795 1465 esse
813 1434 1069 1474 interpositum,
1080 1433 1156 1463 loco
1172 1435 1206 1463 et
1224 1435 1380 1472 tempore
1397 1431 1588 1472 oportunis,
1600 1431 1745 1470 solemp-

364 1480 457 1510 niter
473 1479 667 1520 publicetis,
685 1481 761 1517 etc„
779 1478 979 1519 hujusmodi
999 1477 1223 1517 Sequestrum
1242 1477 1442 1506 nullatenus
1466 1475 1664 1505 relaxantes
1688 1475 1745 1505 do-

365 1535 428 1555 nec
445 1524 675 1555 creditoribus
693 1523 764 1554 suis
780 1523 821 1553 de
840 1522 966 1553 debitis
983 1522 1132 1561 liquidis,
1151 1523 1186 1551 et
1202 1521 1387 1560 presertim
1409 1520 1559 1550 Domino
1576 1519 1748 1549 Willelmo

367 1568 559 1606 Falewelle,
572 1568 711 1598 Rcctori
729 1567 929 1597 Medietatis
947 1566 1099 1596 Ecclesie
1116 1566 1158 1596 de
1176 1566 1428 1605 Ermyngrtone,
1445 1563 1545 1604 cujus
1561 1563 1643 1593 dum
1660 1563 1747 1593 vixit

365 1613 574 1643 Procurator
597 1614 632 1642 et
654 1614 887 1651 proventuum
912 1611 1004 1641 dicte
1022 1609 1222 1641 Medietatis
1239 1620 1298 1639 sue
1317 1609 1496 1648 Reccptor,
1514 1609 1553 1638 ut
1569 1608 1747 1645 asseritur,

365 1657 540 1692 extiterat,
568 1667 608 1687 ac
633 1666 695 1696 per
718 1655 897 1686 biennium
928 1656 969 1685 de
995 1655 1126 1684 eisdem
1158 1653 1301 1684 minime
1334 1653 1607 1692 computaverat,
1639 1651 1747 1681 fuerit

365 1701 598 1738 satisfactum,
616 1710 676 1730 seu
693 1700 734 1730 de
760 1699 1008 1730 satisfaciendo
1032 1699 1166 1738 ydonee
1192 1698 1403 1728 sufficienter
1427 1699 1580 1734 cautum,
1598 1702 1636 1726 ut
1659 1695 1748 1735 juris

365 1745 472 1776 fuerit
497 1748 531 1775 et
556 1755 747 1775 consonum
771 1743 912 1781 racioni,
938 1745 973 1773 et
998 1743 1091 1773 aliud
1116 1753 1136 1772 a
1159 1742 1258 1772 nobis
1282 1741 1475 1772 habueritis
1500 1741 1536 1770 in
1560 1740 1747 1770 mandatis.

366 1789 740 1828 Inhibeatis,insupe1·‚
759 1788 822 1818 sub
839 1788 938 1827 penis
962 1788 997 1817 in
1025 1787 1232 1817 Sanctorum
1256 1786 1400 1816 Patrum
1427 1784 1749 1816 Constitucionibus

365 1834 400 1864 in
417 1834 483 1864 hac
499 1836 599 1874 parte
616 1833 758 1873 provide
775 1833 866 1871 latis,
884 1843 927 1862 ne
941 1832 1017 1871 quis
1035 1831 1234 1871 hujusmodi
1254 1830 1478 1870 sequestrum
1496 1830 1655 1859 nostrum
1672 1839 1747 1868 pre-

366 1880 482 1908 sumat
499 1877 758 1918 quomodolibet
775 1880 906 1907 tcmcre
924 1877 1065 1914 violare,
1083 1875 1310 1906 etc.—Dated
1327 1877 1363 1904 at
1382 1874 1536 1914 Slapton,
1554 1873 1596 1902 20
1613 1873 1721 1912 April.

319 1932 535 1982 Plympton
551 1945 560 1978 ς
590 1931 750 1968 Licence
771 1937 806 1967 to
826 1931 1073 1975 celebrate,—

322 1988 423 2025 Item,
435 1987 527 2027 apud
544 1987 763 2027 Plymptone,
778 1984 889 2026 xxvjfl’
906 1986 960 2016 die
980 1983 1147 2025 [mensis]
1166 1984 1297 2024 Aprilis
1312 1983 1470 2023 predicti,
1483 1984 1652 2014 Dominus
1669 1994 1747 2014 con-

367 2032 469 2063 cessit
485 2031 681 2061 Licenciam
695 2031 847 2061 ,Iohanni
865 2029 1251 2070 Brythrythechestone
1268 2031 1304 2059 et
1320 2028 1429 2058 Alicie
1446 2028 1522 2068 ejus
1538 2028 1646 2066 uxori,
1658 2027 1749 2068 quod

366 2076 499 2115 possint
516 2076 632 2106 facere
650 2075 816 2106 celebrari
834 2074 971 2112 Divina,
988 2084 1050 2113 per
1065 2073 1277 2113 presbiteros
1293 2073 1447 2113 ydoneos
1464 2072 1534 2102 suis
1551 2072 1748 2112 sumptibus

367 2120 619 2158 conducendos,
638 2119 673 2149 in
692 2119 833 2158 Capella
851 2118 977 2149 Sancte
996 2118 1104 2148 Marie
1122 2117 1339 2157 Magdalene,
1358 2116 1451 2147 infra
1468 2117 1628 2147 Mansum
1646 2126 1747 2147 suum

367 2165 408 2195 (le
426 2165 557 2201 Doune,
572 2165 608 2193 in
629 2164 795 2193 Parochia
812 2163 1059 2203 Apostolorum
1077 2162 1172 2192 Petri
1189 2164 1225 2192 et
1241 2161 1339 2192 Pauli
1357 2161 1398 2191 de
1416 2160 1623 2201 Plymptone
1641 2160 1746 2190 situa-

366 2212 440 2238 tum
455 2223 462 2246 3
486 2209 530 2238 ad
546 2208 816 2247 beneplacitum.

321 2262 562 2307 Lawliitton,
587 2262 732 2299 Manor
751 2261 792 2298 os
806 2275 815 2307 3
846 2258 1192 2313 [IIomaqium]‚—-

323 2318 483 2355 Thomas,
501 2320 577 2355 etc.,
597 2317 794 2347 senescallo
811 2327 850 2347 ac
870 2316 1022 2355 Ballivis,
1040 2327 1079 2346 ac
1098 2315 1244 2355 singulis
1262 2314 1596 2345 Ministris-lllanerii
1621 2320 1656 2344 et
1682 2314 1747 2344 Do-

212 2448 258 2473 fol,
274 2449 330 2474 206.

368 2362 465 2392 minii
490 2365 689 2391 nostrorum
715 2362 756 2391 de
782 2361 1012 2399 Lawhittone,
1035 2361 1194 2398 salutem,
1218 2359 1421 2397 etc—Quia
1443 2358 1621 2389 Johannes
1645 2359 1750 2398 lVysa

367 2417 429 2446 pro
447 2406 551 2436 certis
570 2403 712 2445 [terris]
731 2408 765 2435 et
783 2405 994 2435 tenementis
1011 2414 1076 2444 que
1093 2404 1134 2434 de
1152 2404 1251 2434 nobis
1268 2406 1303 2434 et
1321 2403 1475 2434 Ecclesia
1492 2406 1611 2433 nostra
1625 2402 1748 2433 Exoni-

367 2450 441 2481 ensi
458 2451 585 2480 clamat
604 2453 722 2479 tenere
741 2450 833 2489 apud
858 2450 991 2486 Resser,
1010 2448 1103 2478 infra
1120 2448 1320 2478 Dominium
1341 2448 1382 2477 de
1408 2447 1627 2477 Lawhittone
1651 2449 1746 2477 ante-

368 2495 511 2531 dictum,
528 2494 628 2524 nobis
644 2494 846 2532 homagium
859 2496 893 2523 et
908 2493 1111 2523 fidelitatem
1129 2492 1334 2532 prostiterit,
1347 2494 1385 2522 ut
1402 2494 1561 2528 tenetur;
1578 2491 1748 2528 volumus,

369 2539 485 2577 igitur,
503 2540 538 2569 et
554 2538 652 2568 vobis
669 2538 877 2568 mandamus
893 2537 1059 2577 quatinus
1083 2537 1195 2566 eidem
1219 2536 1371 2566 Johanni
1396 2536 1528 2565 nullam
1552 2535 1749 2565 molestiam

369 2583 548 2613 occasione
565 2582 810 2622 premissorum
831 2581 1030 2611 nullatenus
1046 2580 1218 2618 inferatis,
1235 2590 1296 2610 seu
1313 2579 1435 2610 inferri
1457 2579 1653 2619 aliqualiter
1675 2589 1750 2618 per-

368 2627 528 2663 mittatis,
547 2630 597 2657 set
616 2637 695 2657 eum
712 2636 774 2665 pro
792 2626 970 2665 premissis
987 2625 1169 2655 dimissum
1186 2625 1344 2655 totaliter
1367 2623 1697 2654 habeatis.—-Dated
1713 2624 1749 2652 at

367 2672 393 2701 T
396 2671 562 2709 avistock,
579 2670 621 2702 27
638 2671 748 2710 April.

213 2723 303 2753 [Mau.
324 2724 381 2761 St.
405 2723 788 2761 Michael-Penkevil
806 2736 816 2769 ;
845 2723 1004 2760 Licence
1025 2729 1060 2759 to
1080 2721 1324 2766 celebrate,—

215 2758 273 2787 cs]

322 2780 423 2815 Item,
441 2779 531 2819 apud
550 2780 700 2819 Penryn,
718 2779 826 2809 tercio
843 2779 897 2809 die
914 2778 1044 2809 mensis
1062 2778 1155 2815 Maii,
1172 2777 1342 2807 Dominus
1359 2775 1529 2807 concessit
1550 2775 1745 2806 Licenciam

368 2823 519 2854 Johanni
548 2823 749 2853 Trevenour
773 2825 808 2853 et
833 2823 992 2853 Johanne
1016 2822 1092 2862 ejus
1113 2821 1221 2860 uxori,
1249 2821 1340 2860 quod
1363 2820 1497 2860 possint
1520 2820 1636 2851 facere
1660 2820 1745 2850 cele-

369 2867 462 2898 brari
480 2867 607 2898 Divina
623 2867 658 2897 in
677 2867 818 2906 Capella
836 2866 962 2897 Sancte
980 2866 1098 2904 Marie,
1115 2865 1209 2896 infra
1226 2864 1442 2895 Mansionem
1455 2874 1554 2895 suam
1567 2864 1608 2895 de
1623 2864 1746 2894 Fente—
