1907 3212
171 397 246 424 A.D.

170 432 242 457 1390.

173 464 231 491 Vol.
245 465 266 492 1.

477 317 767 352 REGISTRUM
803 317 1267 352 COMMUNE--ANNO
1305 307 1399 350 21⁰.
1614 306 1639 352 7
1646 305 1706 350 05

328 404 482 436 sonalem
513 407 734 438 vocacionem
765 407 883 438 taliter
907 406 1068 437 duximus
1098 405 1349 437 moderandum
1382 408 1524 446 propter
1551 407 1705 447 ipsorum

326 448 522 480 animarum
546 451 678 489 grande
701 451 904 491 periculum,
928 452 964 481 et
987 451 1135 481 celerem
1158 450 1447 481 reformacionem
1471 461 1574 491 quam
1592 460 1706 491 spera-

325 502 403 523 mus
418 492 534 524 faeere
550 494 587 525 in
602 495 950 535 premissis.—Dated
966 498 1003 526 at
1020 494 1196 533 Crediton,
1213 495 1255 525 10
1269 495 1358 534 Aug.

279 563 399 602 Terre
419 564 592 616 Abbey,
620 567 805 616 Aliquem
823 565 1029 604 homicidii
1057 567 1235 604 criminis
1257 566 1368 614 falso
1394 574 1619 604 accusantes
1645 581 1704 604 ea:-

332 620 713 667 communicandi,—

283 672 443 711 Thomas,
460 677 536 713 etc.,
555 676 693 706 Decano
710 678 745 707 et
762 676 922 715 Capitulo
940 675 1092 707 Ecclesie
1116 677 1234 706 nostre
1252 675 1471 706 Cathedralis
1489 675 1704 713 Exoniensis,

172 845 217 871 sol.
233 847 291 872 211.

328 718 658 757 salutem,etc.—Ex
670 722 768 760 parte
782 721 945 760 Religiosi
957 720 1042 757 Viri,
1056 720 1188 750 Fratris
1202 719 1365 750 Willelmi
1379 719 1545 757 Nortone,
1557 720 1705 751 Abbatis

329 761 530 793 Monasterii
548 764 589 793 de
607 764 722 801 Torre,
739 767 815 803 etc.,
832 765 931 794 nobis
949 764 1066 794 extitit
1082 764 1300 803 querelatum
1317 764 1417 803 quod,
1434 764 1516 794 licet
1533 774 1654 795 omnes
1670 767 1705 794 et

327 805 455 845 singuli
484 807 747 838 cantuariensis
771 809 960 845 Provincie,
978 810 1013 838 et
1030 807 1180 838 maxime
1197 808 1288 838 dicte
1310 810 1427 838 nostre
1446 808 1609 845 Dioeesis,
1628 808 1704 838 sub-

329 849 403 888 diti,
430 851 487 890 qui
515 852 633 890 gracia
657 852 754 890 lucri,
783 852 861 890 odii,
888 852 943 882 vel
970 851 1109 889 favoris,
1137 861 1198 882 seu
1214 852 1282 882 alia
1298 862 1514 892 quacumque
1531 852 1572 882 de
1591 862 1705 889 causa,

328 894 430 924 alicui
456 896 632 926 maliciose
658 896 789 926 crimen
814 897 1009 935 imponunt,
1041 906 1120 926 cum
1146 895 1238 934 apud
1263 896 1371 926 bonos
1397 898 1431 926 et
1459 906 1583 935 graves
1610 896 1706 936 prius

328 938 529 970 diffamatus
554 950 623 970 non
645 939 762 976 fuerit,
780 944 819 970 ut
837 941 885 970 sio
903 940 1027 970 saltem
1044 940 1156 970 eidem
1181 940 1350 979 Purgaeio
1367 940 1550 978 indicatur,
1568 941 1623 970 vel
1640 940 1707 970 alio

328 982 429 1013 modo
446 986 620 1023 gravetur,
639 984 718 1021 sint,
735 986 839 1024 prout
857 986 948 1021 sunt,
963 984 1106 1024 Majoris
1123 983 1504 1015 Excommunicacionis
1523 984 1707 1015 Sentencia

327 1026 398 1056 lata
414 1027 450 1056 in
466 1027 616 1067 quadam
635 1028 895 1059 Constitucione
912 1027 1121 1058 Provinciali
1146 1027 1407 1058 Cantuariensis
1432 1028 1613 1059 Provincie
1636 1039 1706 1059 me-

328 1072 471 1108 morate,
489 1081 554 1111 que
572 1072 694 1111 incipit
710 1073 760 1102 Er
776 1072 986 1102 Auctoritate
1002 1072 1073 1109 Dei,
1098 1071 1211 1101 Patris
1231 1072 1486 1109 Omnipotentis,
1505 1072 1707 1112 dampnabi-

327 1113 408 1144 liter
430 1115 599 1153 involuti;
632 1116 784 1156 quidam,
805 1120 933 1154 tamen,
956 1116 1151 1156 iniquitatis
1176 1116 1247 1153 filii,
1268 1116 1441 1146 dictarum
1464 1116 1645 1147 Provincie
1673 1120 1709 1147 et

328 1158 482 1189 Diocesis
499 1160 639 1197 subditi,
657 1170 717 1190 sue
736 1161 857 1191 salutis
873 1161 1093 1197 inmemores,
1112 1160 1223 1190 Deum
1240 1170 1300 1199 pre
1318 1160 1426 1190 oculis
1443 1170 1512 1190 non
1528 1160 1710 1197 habentes,

325 1204 401 1240 eto,
428 1203 606 1242 prefatum
630 1204 843 1244 Religiosum
868 1204 1002 1242 Virum,
1027 1204 1186 1234 Fratrem
1204 1204 1425 1242 Willelmum,
1443 1204 1617 1235 Abbatem
1633 1215 1708 1244 pre-

328 1245 469 1285 dictum,
488 1248 581 1287 apud
596 1248 705 1278 bonos
721 1251 756 1278 et
774 1258 898 1287 graves
914 1249 950 1278 in
967 1248 1031 1278 hac
1048 1250 1148 1288 parte
1166 1248 1261 1287 prius
1278 1248 1421 1278 minime
1438 1248 1660 1287 infamatum,
1674 1255 1710 1279 et

326 1299 432 1328 penes
458 1301 542 1331 quos
567 1292 656 1322 bone
684 1292 778 1322 fame
802 1292 977 1330 extiterat,
997 1302 1100 1331 super
1116 1292 1261 1322 crimine
1278 1292 1457 1323 homicidii
1473 1292 1708 1332 infrascripto,

326 1333 426 1372 falso,
441 1336 611 1375 nequiter,
629 1338 664 1366 et
682 1337 867 1373 maliciose,
886 1339 990 1376 atque
1007 1346 1048 1366 ex
1065 1336 1133 1366 odii
1144 1335 1277 1374 fomite,
1291 1336 1537 1373 diffamarunt3
1555 1347 1710 1368 asseren—

326 1378 369 1408 do
394 1379 485 1418 quod
510 1380 603 1410 idem
628 1380 821 1419 Religiosus
839 1380 902 1410 Vir
919 1381 1093 1420 quendam
1112 1380 1271 1410 Fratrem
1290 1380 1478 1420 Symonem
1497 1381 1708 1421 Hastynges,

325 1422 410 1452 dicti
436 1423 640 1454 Monasterii
659 1424 871 1455 Canonieum
892 1427 926 1454 et
944 1424 1177 1461 Confratrem,
1192 1424 1385 1462 occidisset,
1403 1424 1580 1464 ipsiusque
1598 1426 1711 1465 capud

325 1470 552 1506 amputasset,
573 1478 634 1498 seu
651 1468 776 1499 saltem
799 1469 969 1508 premissa
993 1468 1068 1499 fieri
1085 1471 1305 1508 procurasset
1322 1479 1505 1508 perperam
1531 1472 1565 1499 et
1583 1469 1710 1509 inique.

328 1510 481 1548 Quarum
509 1512 747 1542 assercionum
775 1515 811 1543 et
838 1513 1105 1553 imposicionum
1132 1514 1294 1552 pretextu
1318 1512 1414 1543 fama
1430 1515 1465 1543 et
1483 1513 1600 1552 opinio
1616 1513 1710 1544 illius

328 1554 493 1594 Religiosi
520 1556 594 1586 Viri
617 1557 710 1596 apud
734 1557 843 1587 bonos
871 1560 906 1587 et
934 1567 1068 1597 graves,
1092 1567 1199 1596 penes
1217 1567 1301 1596 quos
1318 1557 1415 1596 prius
1431 1557 1624 1588 infamatus
1641 1568 1710 1588 non

327 1602 411 1637 erat,
439 1600 605 1630 leduntur
628 1603 663 1631 et
684 1601 913 1640 denigrantur
939 1601 1050 1631 eciam
1069 1601 1106 1630 in
1127 1601 1348 1639 immensum,
1367 1611 1407 1632 ac
1423 1601 1496 1640 ipse
1515 1601 1710 1641 Religiosus

327 1642 390 1673 Vir
406 1644 546 1675 aliunde
563 1645 681 1675 extitit
698 1645 940 1685 multiplieiter
956 1647 1134 1684 gravatus,
1152 1647 1186 1675 et
1203 1645 1321 1675 existit
1338 1645 1448 1675 eciam
1473 1645 1509 1675 in
1532 1646 1687 1684 presenti
1703 1660 1710 1683 3

327 1687 553 1728 prefatusque
578 1689 709 1727 Frater,
732 1689 862 1729 Symon
884 1689 1096 1729 Hastynges,
1120 1689 1315 1719 Canonicus
1333 1689 1562 1729 supradictus,
1580 1692 1711 1730 postet

327 1731 416 1761 citra
433 1732 711 1763 diffamacionem
730 1733 924 1773 predictam
941 1733 976 1763 in
998 1733 1211 1763 Monasterio
1228 1733 1464 1772 suprascripto
1481 1735 1517 1764 et
1533 1734 1610 1764 aliis
1627 1734 1711 1765 locis

329 1775 420 1805 dicte
438 1778 556 1806 nostre
573 1777 739 1815 Diocesis,
757 1777 909 1817 seipsum
938 1777 1055 1807 vivum
1080 1777 1217 1816 publice
1243 1780 1278 1807 et
1294 1777 1411 1817 palam
1429 1788 1464 1807 se
1482 1777 1710 1811 intuentibus.

327 1828 367 1849 ac
398 1820 563 1850 noticiam
595 1821 787 1860 plenariam
820 1831 966 1860 persone
999 1831 1058 1852 sue
1090 1821 1310 1858 habentibus,
1337 1821 1495 1851 exhibuit
1520 1822 1652 1861 pariter
1676 1829 1711 1852 et

329 1864 493 1901 ostendit,
511 1868 613 1904 prout
631 1875 666 1895 se
683 1865 812 1903 vivum,
838 1865 986 1896 Domino
1010 1869 1197 1903 annuente,
1222 1865 1384 1895 exhibere
1408 1868 1523 1905 potest
1541 1866 1650 1896 eciam
1669 1867 1710 1897 de

328 1908 492 1946 presenti.
540 1908 642 1939 Unde
670 1919 739 1939 non
762 1912 815 1940 est
841 1909 984 1939 dubium
1011 1919 1131 1939 omnes
1155 1912 1190 1939 et
1208 1909 1362 1948 singulos
1380 1909 1618 1941 diffamatores
1635 1921 1709 1950 pre-

327 1951 438 1981 dictos
455 1951 563 1982 fuisse
580 1955 615 1983 ct
632 1963 707 1983 esse
725 1953 819 1983 dicta
830 1953 974 1992 Majoris
988 1953 1371 1984 Excommunicacionis
1389 1953 1573 1984 Sentencia
1591 1955 1709 1995 damp-

328 1995 491 2026 nabiliter
516 1996 701 2028 involutos.
756 1997 863 2028 Vobis
888 1997 1006 2036 igitur,
1035 2000 1100 2028 eto.
1121 1995 1174 2037 (in
1199 1997 1251 2027 the
1269 2008 1418 2027 common
1429 1996 1710 2038 so›·m).—-Dated

327 2041 364 2069 at
381 2039 556 2078 Crediton,
577 2041 618 2070 14
634 2041 722 2080 Aug.

174 2108 260 2134 Nota.
283 2111 588 2161 Testamentary
604 2125 614 2158 ,-
645 2112 830 2150 Probat-io
867 2113 1095 2150 Testamenti
1124 2113 1288 2151 Domini
1315 2114 1506 2152 Joltannis
1528 2115 1705 2161 Screcclze,

336 2165 492 2211 Militis,
514 2166 752 2214 defuncti,—

284 2219 385 2257 Itcm,
403 2220 568 2251 vicesimo
586 2222 708 2251 octavo
725 2221 779 2252 die
797 2221 880 2252 dicti
896 2221 1026 2252 mensis
1042 2222 1203 2262 Augusti,
1221 2222 1406 2262 probatum
1424 2223 1492 2253 fuit
1506 2223 1706 2255 Testamen-

168 2789 213 2816 sol.
226 2789 302 2815 211b.

328 2268 401 2293 tum
432 2265 566 2294 Nobilis
592 2265 676 2303 Viri,
703 2266 841 2296 Domini
869 2266 1038 2297 Johannis
1064 2266 1237 2303 Strecche,
1256 2267 1388 2305 Militis,
1406 2267 1573 2306 defuncti,
1591 2277 1705 2299 coram

328 2308 487 2346 Domino,
506 2309 541 2338 in
559 2309 714 2340 Manerio
732 2320 792 2340 suo
809 2310 851 2340 de
869 2310 1080 2350 Crydytone,
1098 2314 1132 2341 et
1146 2321 1207 2350 per
1219 2311 1332 2350 ipsum
1344 2322 1405 2350 pro
1416 2312 1537 2342 eodem
1551 2313 1707 2351 legitime

327 2353 594 2390 pronunciatum
608 2367 614 2390 ;
632 2353 667 2383 in
681 2364 747 2393 quo
761 2354 985 2385 Testamento
999 2355 1168 2385 nominati
1179 2355 1323 2385 fuerunt
1337 2355 1548 2386 Executores
1559 2357 1707 2387 Domina

328 2396 506 2433 Katerina,
518 2397 697 2427 uxordieti
712 2398 850 2428 Domini
861 2398 1031 2429 Johannis
1044 2398 1211 2437 defuncti,
1229 2409 1268 2429 ac
1286 2399 1410 2430 Petrus
1428 2400 1564 2440 Whyte,
1580 2401 1707 2431 Rector

331 2440 480 2471 Ecclesie
498 2441 540 2471 de
559 2441 766 2480 Bokelonde,
784 2444 819 2472 et
842 2442 992 2472 Thomas
1021 2443 1176 2482 Smythe,
1202 2444 1412 2482 capellanus.
1461 2445 1536 2482 Qui,
1554 2445 1704 2484 quidem,

327 2484 451 2515 Petrus
461 2487 496 2515 et
505 2485 655 2516 Thomas
671 2485 832 2525 jurarunt
846 2486 887 2516 de
901 2487 1114 2517 conficiendo
1124 2487 1224 2517 fidele
1239 2488 1479 2518 Inventarium
1492 2489 1533 2519 de
1545 2489 1706 2519 omnibus

325 2533 360 2558 et
386 2528 532 2567 singulis
559 2529 658 2559 bonis
683 2540 748 2569 que
776 2529 933 2569 prefatus
958 2531 1126 2561 Dominus
1145 2531 1323 2562 Johannes
1342 2532 1505 2563 Strecche
1530 2533 1652 2563 habuit
1670 2537 1704 2564 et

325 2573 489 2611 possedit,
506 2575 662 2613 tempore
680 2575 802 2604 mortis
819 2584 890 2611 sue,
907 2573 999 2604 infra
1017 2574 1204 2605 Civitatem
1229 2578 1265 2605 et
1290 2576 1463 2606 Diocesim
1482 2577 1703 2614 Exonienses,

325 2620 360 2646 et
386 2616 430 2646 ad
456 2617 689 2647 exhibendum
714 2618 799 2648 illud
824 2628 939 2648 coram
958 2619 1116 2657 Domino,
1134 2619 1187 2649 vel
1206 2619 1452 2650 Commissario
1469 2621 1505 2650 in
1522 2621 1587 2651 hac
1604 2624 1703 2660 parte

325 2661 534 2700 deputando,
562 2661 651 2691 citra
677 2662 818 2692 Festum
838 2662 955 2692 Sancti
981 2663 1160 2694 Michaelis
1181 2663 1337 2702 proximo
1354 2664 1523 2697 futurum.
1541 2665 1596 2694 vel
1612 2664 1705 2695 infra

324 2708 401 2735 octo
419 2705 492 2735 dies
509 2709 636 2736 extunc
653 2706 808 2745 proximo
826 2707 1157 2746 sequentes—Item
1172 2707 1231 2746 xiij
1250 2707 1304 2737 (lio
1324 2708 1493 2746 Octobris,
1512 2708 1653 2747 Exonie,
1668 2709 1701 2738 in

324 2749 469 2787 gardino
487 2749 650 2779 Fratrum
668 2750 940 2787 Prcdicatorum,
957 2751 1152 2790 comparuit
1176 2751 1405 2790 personaliter
1422 2752 1601 2791 Katerina,
1618 2763 1704 2783 uxor

324 2793 452 2832 prefati
478 2793 617 2824 Domini
644 2794 814 2824 Johannis
841 2794 1013 2832 Strecche,
1038 2794 1206 2832 defuncti,
1224 2805 1339 2825 coram
1359 2796 1527 2833 Magistro
1543 2797 1702 2828 Johanue

324 2837 472 2877 Lugans,
491 2837 705 2869 Cancellario
722 2841 757 2868 et
775 2838 1020 2869 Commissario
1038 2839 1186 2877 Domini,
1204 2843 1280 2877 eto,
1298 2839 1333 2869 in
1351 2840 1468 2871 debita
1483 2841 1571 2881 juris
1588 2841 1702 2871 forma

321 2881 365 2911 ad
380 2882 480 2912 fidele
498 2881 739 2912 Inventarium
757 2882 1008 2913 conficiendum
1035 2883 1188 2921 astricta,
1206 2893 1274 2913 una
1298 2893 1376 2913 cum
1394 2885 1519 2915 ceteris
1531 2885 1700 2915 Coexecu-
