1907 3212
95 382 127 408 A.
135 382 170 410 D.

95 417 169 443 1394.

384 290 751 325 TESTAMENTUM
792 289 1213 324 EPIsoom—ANNO
1258 280 1352 324 240.
1539 275 1633 322 749

261 390 303 427 in
320 391 446 429 Domo
467 391 690 440 capitulari
710 392 884 430 Ecelesie
904 392 1151 438 Exoniensis,
1173 389 1387 441 probatum
1406 389 1486 427 fuit
1505 400 1635 426 coram

262 443 386 490 nobis,
422 445 472 482 ad
511 445 552 482 id
585 459 656 495 pro
694 446 888 483 tribunali
925 445 1166 491 sedentibus,
1202 445 1502 483 Testamentum
1533 442 1635 479 bone

257 500 442 536 memorie
458 501 617 537 Domini
637 500 784 538 'Phome
805 500 1121 551 Brantyngham,
1144 512 1270 548 nuper
1286 498 1471 548 Episcopi
1488 497 1633 534 Exoni-

256 553 371 598 ensis,
394 557 435 590 et
454 566 524 602 per
544 567 614 591 nos
642 554 917 603 approbatum,
939 558 980 591 et
1007 567 1079 604 pro
1104 553 1240 591 eodem
1266 553 1442 602 legitime
1462 563 1634 600 pronun-

255 607 404 644 ciatum
420 620 429 653 3
450 607 860 654 Administracionem,
878 609 1049 657 insuper,
1071 609 1248 645 omnium
1267 606 1461 644 bonorum
1481 605 1633 642 dictum

258 660 559 698 Testamentum
603 663 928 700 concernencium
978 663 1155 699 Dominis
1194 661 1360 710 Hugoni
1399 659 1630 710 Hykelyng‚

259 714 432 752 Roberto
462 715 612 766 Rygge‚
635 716 782 754 Thome
804 717 985 762 Bai-tone,
1007 716 1183 753 Johanni
1203 715 1373 765 Lugans.
1397 718 1438 752 et
1457 714 1478 751 J
1484 712 1633 750 ohanni

258 769 503 817 Coplestone,
541 770 828 807 Executoribus
866 771 907 807 in
945 769 1081 808 eodem
1120 771 1376 807 Testamento
1404 767 1632 812 nominatis,

258 826 415 872 recepto
445 824 630 872 primitus
663 823 714 861 ab
747 823 905 870 eisdem,
938 828 979 861 et
1016 837 1151 861 eorum
1185 823 1372 873 quolibet,
1405 824 1633 871 juramento

257 877 449 926 corporali
471 876 519 915 de
539 877 645 915 fideli
667 879 681 915 I
689 879 897 915 nventario
917 879 1093 915 omnium
1120 877 1313 915 bonorum
1333 876 1432 914 dicti
1452 875 1634 913 defuncti

257 931 510 976 conficiendo,
534 944 686 969 necnon
716 932 764 969 de
794 931 994 969 reddendo
1024 931 1130 969 fideli
1158 935 1350 980 compoto,
1372 930 1421 968 de
1449 934 1490 967 et
1519 941 1637 978 super

260 984 620 1023 Administracione
633 999 704 1022 sua
719 987 759 1023 in
774 985 1001 1035 hujusmodi
1017 986 1130 1023 bonis
1146 986 1264 1031 facta,
1285 985 1457 1022 Domino
1473 983 1636 1020 Archio-

258 1039 418 1088 piscopo
449 1039 740 1086 Cantuariensi‘
775 1054 863 1077 eum
897 1040 1049 1078 fuerint
1082 1040 1133 1077 ad
1167 1040 1240 1077 hoc
1273 1039 1407 1077 debite
1441 1037 1633 1087 requisiti,

259 1093 524 1130 commisimus
544 1094 586 1130 in
606 1093 733 1131 forma
759 1095 858 1143 juris
876 1107 886 1141 3
915 1099 1117 1132 reservata
1140 1097 1339 1143 potestate
1359 1090 1637 1130 committendi

258 1146 661 1185 Administracionem
690 1148 919 1197 hujusmodi
944 1149 1086 1186 ceteris
1114 1147 1406 1185 Executoribus
1432 1147 1474 1183 in
1500 1145 1637 1183 eodem

259 1200 515 1239 Testamento
535 1202 761 1247 nominatis,
789 1216 879 1239 cum
908 1216 994 1240 eam
1024 1203 1208 1240 venerint
1236 1203 1278 1238 in
1307 1201 1434 1238 forma
1453 1200 1553 1249 juris
1572 1198 1638 1236 ad-

260 1255 429 1292 missuri.
490 1256 536 1292 In
557 1257 670 1305 cujus
692 1257 748 1293 rei
769 1257 1041 1294 testimonium
1063 1257 1236 1306 sigillum
1258 1256 1386 1293 Officii
1410 1254 1637 1291 Vicariatus

258 1309 300 1345 in
335 1308 512 1346 Civitate
546 1313 587 1346 et
622 1310 778 1347 Diocesi
814 1310 1118 1356 Exoniensibus,
1152 1309 1252 1348 Sede
1278 1309 1426 1346 ibidem
1457 1311 1634 1352 vacante,

258 1362 362 1411 quod
391 1362 442 1399 ad
472 1376 612 1400 manus
638 1363 841 1409 habemus,
865 1364 1123 1402 Presentibus
1151 1369 1212 1402 est
1240 1376 1469 1413 appensum.
1529 1362 1635 1398 Data

257 1416 330 1461 die,
362 1416 457 1462 loco,
488 1423 528 1454 et
558 1418 675 1455 Anno
708 1419 865 1455 Domini
903 1418 1154 1468 supradictis.
1215 1416 1483 1470 [Preroyative
1515 1415 1638 1453 court

257 1470 306 1518 of
328 1471 589 1520 Canterbury‚
612 1472 731 1509 Liber
755 1473 875 1518 Bous,
898 1472 963 1509 fol.
989 1472 1074 1522 24]
