1907 3212
150 302 243 348 726
354 316 454 348 THE
489 316 730 350 REGISTER
765 316 827 348 oF
862 315 1039 349 BISHOP
1073 316 1476 350 BRANTYNGHAM.

150 417 224 443 Α-Ῑ)
308 421 412 452 010510
430 421 644 452 Parochialis
661 422 702 452 de
721 421 988 460 Southtautone,
1005 423 1063 463 qui
1081 423 1125 453 ad
1141 423 1305 454 continue
1321 423 1543 454 residendum
1561 422 1597 452 in
1614 422 1690 462 ipsa

150 453 251 510 &gl-'1‘
308 466 447 495 Vicaria
465 476 536 503 sua,
553 466 653 506 juxta
669 465 819 497 formam
839 467 1139 498 Constitucionum
1166 467 1393 498 Dominorum
1419 467 1558 498 Ottonis
1574 469 1610 497 et
1627 466 1689 496 Oc-

309 509 440 547 toboni,
457 511 631 550 quondam
651 510 749 541 Sedis
774 511 973 550 Apostolice
997 512 1033 541 in
1057 511 1187 551 Anglia
1211 512 1431 552 Legatorum,
1448 512 1484 541 in
1500 511 1567 542 1130
1589 512 1689 550 parte

305 554 490 593 editaium,
508 555 686 595 corporale
702 556 858 594 plestitit
881 556 1131 596 juramentum,
1155 560 1322 606 tanquam
1347 555 1584 586 mercenarius
1607 564 1689 585 oves

306 599 465 638 proprias
483 599 657 637 (10501005,
675 610 747 630 curz
748 610 795 629 1111
813 600 1009 630 animarum
1029 600 1094 630 sibi
1110 600 1332 631 commissam
1356 600 1515 651 negligit,
1532 610 1573 630 30
1589 599 1689 630 Vica-

151 640 198 666 fol.
218 642 273 666 ⁴223·
308 643 395 673 riam
414 653 512 673 suam
530 653 592 682 per
608 646 767 684 tempora
783 644 950 675 diuturna
967 645 1110 682 dimisit,
1127 647 1162 674 et
1179 645 1329 675 dimittit
1343 645 1453 675 eciam
1471 644 1507 674 10
1523 643 1690 694 presenti,

306 687 446 726 penitus
471 687 707 721 inofficiatam
732 690 808 726 etc„
833 689 1027 729 peijurium
1043 689 1281 719 voluntarium
1305 691 1341 719 et
1364 689 1540 719 notorium
1564 688 1599 718 in
1624 688 1690 718 hae

306 734 416 771 parte,
434 734 472 762 ut
490 734 646 771 apparet,
662 734 794 763 temere
811 733 1031 764 incurrendo.
1078 733 1255 772 Nolentes,
1266 734 1383 773 igitur,
1394 733 1576 773 premissa,
1586 734 1691 772 prout

307 786 391 806 sana
408 777 626 807 consciencia
643 787 707 808 000
724 787 919 816 possumus,
937 778 1001 807 sub
1018 777 1310 815 dissimulacione,
1327 777 1594 808 conniventibus
1611 786 1689 807 ocu-

306 820 358 855 lis,
376 821 524 851 ulterius
541 821 754 860 pertransire
769 836 775 859 3
800 822 908 860 vobis,
926 824 1002 860 etc.,
1020 822 1228 852 mandamus
1239 822 1404 862 quatinus
1417 817 1600 859 moneatis,
1612 823 1689 859 ete,

306 864 502 904 predictum
529 865 740 905 Philippum,
766 867 996 905 personaliter
1020 867 1049 896 si
1073 867 1122 896 sie
1146 866 1261 896 valeat
1288 866 1514 906 apprehendi,
1539 865 1627 905 quod
1654 865 1689 895 in

306 909 445 939 Vicaria
463 919 525 939 sua
541 910 709 949 predicta,
726 910 820 940 infra
843 921 1000 941 mensem
1025 921 1045 941 a
1068 913 1225 950 tempore
1250 910 1456 941 Monicionis
1479 912 1594 940 vestre
1611 919 1690 940 con-

306 954 403 983 tinue
428 955 696 992 numerandum,
720 955 952 994 personaliter
975 961 1009 985 et
1033 955 1266 985 effectualiter
1288 955 1452 993 resideat,
1476 957 1516 984 ut
1539 956 1690 991 tenetur,

306 998 369 1027 suh
385 1008 474 1037 pena
491 999 590 1038 juris.
637 998 801 1039 Alioquin
826 1000 940 1039 ipsum
964 999 1000 1029 111
1024 1009 1174 1039 persona
1197 999 1438 1030 Procuratoris
1462 999 1525 1036 sui,
1543 999 1571 1029 si
1588 1008 1690 1038 quem

305 1042 479 1072 dimiserit
496 1043 531 1072 10
549 1043 614 1073 1130
631 1045 730 1082 parte
746 1058 752 1081 ;
777 1044 874 1080 alias,
891 1046 1021 1082 autem,
1038 1043 1175 1083 publice
1201 1043 1391 1074 Citacionis
1407 1043 1521 1074 edicto
1538 1043 1573 1072 in
1590 1042 1690 1072 Vica-

305 1087 357 1116 ria
375 1097 437 1117 sua
453 1087 603 1126 prefata,
621 1098 738 1118 coram
755 1088 977 1127 parochianis
994 1089 1065 1118 suis
1082 1098 1122 1119 30
1139 1088 1216 1118 31115
1233 1088 1325 1118 notis
1350 1089 1386 1118 et
1408 1087 1543 1125 vicinis,
1561 1087 1692 1117 Diebus

305 1131 498 1162 Dominicis
515 1134 550 1162 et
569 1132 728 1168 Festivis,
752 1132 890 1172 publice
913 1133 1091 1172 proposito
1114 1132 1247 1172 pariter
1270 1135 1305 1162 et
1329 1132 1440 1170 affixo,
1458 1131 1692 1172 peremptorie

305 1175 430 1213 citetis,
449 1186 510 1206 seu
528 1176 629 1206 citari
646 1176 796 1215 faciatis,
814 1177 905 1216 quod
922 1180 1122 1216 compareat
1139 1187 1256 1207 coram
1280 1176 1390 1213 nobis,
1415 1179 1476 1206 aut
1500 1175 1630 1206 nostris
1653 1176 1687 1205 in

305 1220 370 1250 hac
396 1222 496 1259 parte
526 1220 793 1259 Commissariis,
816 1232 886 1251 uno
910 1221 963 1251 vel
990 1221 1158 1261 pluribus,
1185 1221 1220 1251 in
1249 1221 1405 1251 Ecclesia
1429 1220 1625 1251 Parochiali
1649 1220 1691 1250 de

305 1263 563 1303 Chuddeleghe,
581 1268 646 1295 ete.
667 1263 717 1302 (in
738 1265 792 1295 the
808 1276 954 1295 common
968 1263 1249 1304 formlae—Dated
1261 1267 1297 1296 at
1312 1265 1517 1304 Chudleigh,
1529 1265 1572 1294 22
1582 1264 1692 1304 April.

150 1319 236 1344 ΝΟΜ·
258 1318 563 1368 Testamentary
580 1333 587 1365 3
616 1319 809 1356 Probacz'o
832 1319 1068 1356 Testamenti
1088 1319 1262 1356 Rectoris
1281 1319 1326 1357 de
1356 1318 1639 1367 Thai-aleym,—

261 1374 363 1412 Item,
381 1374 522 1412 ibidem,
538 1375 704 1405 vicesimo
729 1378 851 1405 octavo
876 1375 931 1405 die
956 1375 1097 1414 Aprilis,
1122 1375 1307 1414 probatum
1331 1374 1401 1405 fuit
1426 1375 1690 1405 Testamentum

306 1419 445 1449 Domini
462 1419 621 1449 Nicholai
647 1419 724 1457 Cor,
750 1419 908 1450 Rectoris
933 1419 1087 1450 Ecclesie
1112 1419 1325 1450 Parochialis
1342 1419 1384 1449 de
1400 1418 1621 1458 VVodeleghe,
1639 1428 1692 1449 co-

304 1473 379 1493 ram
398 1463 556 1501 Domino,
573 1465 609 1494 et
624 1474 687 1503 per
703 1464 817 1503 ipsum
835 1474 897 1503 pro
913 1464 1033 1494 eodem
1058 1464 1214 1503 legitime
1238 1463 1518 1503 pronunciatum.
1567 1463 1609 1492 In
1625 1472 1692 1502 quo

305 1508 476 1537 nominati
495 1510 575 1538 sunt
594 1508 806 1538 Executores
824 1509 994 1538 Dominus
1012 1508 1163 1538 Thomas
1181 1507 1294 1545 Swan,
1320 1508 1447 1538 Rector
1471 1507 1624 1538 Ecclesie
1649 1507 1691 1536 de

306 1552 522 1590 Dodebroke,
555 1562 595 1582 ac
627 1553 797 1582 Dominus
828 1552 1022 1582 VVillehnus
1063 1552 1139 1590 Cor,
1172 1553 1382 1591 capellanus,
1418 1554 1453 1582 et
1493 1551 1692 1590 Stephanus

306 1596 480 1633 Bertelot3
505 1598 550 1633 et,
577 1596 732 1626 exhibito
759 1607 822 1636 per
849 1597 989 1627 eosdem
1016 1597 1219 1627 Inventario
1244 1596 1407 1636 primitus
1432 1596 1467 1625 in
1492 1596 1557 1626 hac
1581 1598 1692 1635 parte,

305 1640 661 1671 Administracionem
693 1641 895 1681 hujusmodi
926 1641 1097 1671 bonorum
1128 1640 1276 1680 prefatis
1308 1640 1561 1672 Executoribus
1599 1639 1692 1669 idem

306 1685 477 1715 Dominus
494 1685 669 1716 commisit
685 1685 721 1714 in
739 1685 857 1716 debita
872 1685 960 1725 juris
973 1685 1097 1716 forma.

150 1739 219 1797 {Pjgb
263 1739 535 1775 Matrimonia]
550 1752 559 1785 3
588 1738 847 1787 Dispensacio
865 1739 1066 1776 „Iohannis
1088 1738 1204 1776 Clerlc
1232 1745 1266 1775 et
1293 1738 1420 1775 Alicie
1442 1738 1571 1787 Tyliso,
1602 1751 1694 1775 ἀωο-

151 1784 242 1836 [1111-
315 1793 374 1829 ris
393 1807 470 1837 sue,
493 1793 724 1830 auctoritate
745 1793 857 1830 Sediss
876 1793 1156 1842 Apostolice‚—

152 1839 210 1871 US‘]
268 1848 428 1886 Thomas,
451 1852 527 1886 ete,
544 1849 696 1879 {Iohanni
723 1848 835 1887 Clerk,
858 1849 956 1886 laico,
981 1851 1015 1879 et
1040 1849 1150 1878 Alicie
1172 1847 1281 1887 Tylia,
1306 1848 1404 1878 uxori
1424 1848 1510 1888 ejus,
1533 1848 1693 1886 salutem,

306 1893 556 1923 ete.—Litcras
575 1893 806 1930 Sanctissimi,
833 1896 910 1931 etc.,
937 1893 1078 1923 Domini
1104 1892 1287 1930 Bonifacii,
1309 1892 1437 1922 Divina
1464 1892 1695 1923 Providcncia

306 1938 399 1977 Pape
431 1938 534 1975 Noni,
566 1947 677 1976 nuper
700 1937 905 1977 recepimus,
930 1937 965 1967 in
991 1937 1055 1968 hec
1078 1936 1455 1975 ve1·ba‚—Bonifacius‚
1479 1939 1556 1974 etc,
1580 1935 1692 1967 Vene-

307 1982 408 2012 rabili
443 1982 568 2019 Fratri,
597 1982 768 2022 Episcopo
803 1982 999 2019 Exoniensi,
1036 1982 1196 2019 salutem,
1232 1981 1470 2011 etc.—Oblate
1501 1981 1602 2011 nobis
1632 1990 1743 2020 pro

307 2029 406 2066 parte
430 2026 602 2057 Johannis
629 2026 742 2064 Clerk,
767 2026 856 2064 laici,
879 2028 915 2056 et
938 2026 1048 2056 Alicie
1073 2026 1182 2065 Tylia,
1200 2025 1366 2064 mulieris,
1392 2025 1597 2056 Exoniensis
1614 2025 1693 2055 Dio·

308 2071 406 2108 cesis,
432 2071 620 2101 Peticionis
645 2071 751 2101 series
775 2070 977 2101 continebat
1001 2071 1093 2110 quod
1116 2070 1192 2110 ipsi,
1217 2070 1310 2108 olim,
1334 2070 1538 2108 ignorantes
1553 2069 1693 2109 aliquod

308 2115 599 2155 impedimentum
616 2115 710 2145 inter
727 2125 784 2145 eos
802 2115 951 2145 existere
974 2115 1160 2154 quominus
1183 2116 1325 2153 possent
1349 2114 1498 2144 invicem
1515 2114 1691 2144 matrimo-

309 2160 450 2190 nialiter
475 2159 640 2199 copulari,
670 2159 935 2189 matrimonium
962 2153 1105 2189 insimul
1136 2160 1386 2189 contraxerunt
1416 2168 1479 2198 per
1509 2158 1616 2188 verba
1646 2158 1692 2188 le-

308 2204 431 2243 gitime
463 2204 505 2234 de
539 2204 704 2243 presenti,
739 2206 774 2234 ct
801 2203 887 2233 illud
918 2203 1049 2233 carnali
1081 2203 1205 2243 copula
1235 2205 1534 2241 consummarunt,
1565 2204 1601 2232 et
1631 2212 1694 2242 per

307 2249 409 2287 plura
436 2250 596 2287 tempora
622 2248 765 2278 insimul
791 2247 1038 2278 cohabitarunt
1069 2257 1110 2278 ac
1140 2247 1274 2287 prolem
1300 2246 1423 2277 exinde
1454 2250 1692 2286 procrearunt.

310 2292 547 2327 Postmodum,
558 2302 651 2330 vero,
666 2292 709 2322 ad
720 2292 875 2331 ipsorum
892 2292 913 2322 J
915 2291 1063 2322 ohannis
1074 2294 1109 2322 et-
1120 2291 1230 2322 Alicie
1242 2291 1403 2330 pervenit
1418 2291 1585 2321 noticiam
1601 2290 1693 2330 quod

310 2337 374 2376 ipsi
400 2337 509 2367 tercio
537 2336 649 2375 gradu
674 2336 990 2375 consanguinitatis
1015 2336 1163 2366 invicem
1194 2337 1295 2366 erant
1318 2335 1516 2375 conjuncti;
1551 2337 1694 2374 propter

309 2381 399 2421 quod
416 2381 451 2411 in
468 2380 669 2420 hujusmodi
683 2379 907 2411 matrimonio
922 2390 1103 2410 remanere
1117 2382 1303 2420 nequeunt,
1317 2379 1589 2419 Dispensacione
1602 2379 1692 2419 Apo-

310 2425 431 2456 stolica
456 2435 560 2464 super
587 2425 652 2455 hoc
674 2435 744 2454 non
768 2424 922 2455 obtenta.
985 2424 1098 2463 Quare
1126 2434 1188 2464 pro
1215 2426 1315 2463 parte
1339 2424 1495 2463 ipsorum
1522 2423 1693 2453 Johannis

308 2472 343 2500 et
382 2469 493 2500 Alicic
527 2469 627 2499 nobis
665 2468 735 2498 fuit
773 2469 954 2499 humiliter
992 2468 1225 2508 supplicatum
1256 2471 1296 2498 ut
1327 2477 1431 2507 super
1462 2467 1526 2498 hoc
1564 2467 1614 2498 eis
1650 2467 1692 2497 de

309 2516 479 2553 oportune
511 2513 793 2553 Dispensacionis
823 2513 941 2552 gracia
976 2513 1168 2552 providere,
1208 2512 1250 2542 de
1288 2512 1506 2551 benignitate
1544 2511 1691 2551 Aposto-

309 2559 385 2596 lica,
412 2558 648 2597 dignaremur.
695 2557 777 2595 Nos,
802 2557 919 2596 igitur,
948 2567 989 2587 ex
1017 2557 1121 2587 certis
1138 2556 1252 2587 causis
1268 2556 1368 2586 nobis
1383 2556 1550 2596 expositis
1573 2555 1692 2596 hujus-

311 2603 404 2632 modi
438 2601 754 2642 supplicacionibus
786 2601 956 2638 inclinati,
989 2600 1217 2631 Fraternitati
1244 2603 1314 2639 tue,
1343 2600 1385 2630 de
1410 2610 1477 2640 qua
1504 2600 1540 2630 in
1567 2599 1635 2630 hiis
1659 2601 1694 2630 et

310 2647 386 2677 aliis
404 2647 588 2686 specialem
614 2646 650 2675 in
675 2645 823 2675 Domino
848 2645 1010 2675 fiduciam
1035 2645 1242 2682 obtinemus,
1261 2655 1322 2684 per
1337 2644 1539 2684 Apostolica
1557 2643 1694 2683 Scripta

310 2691 563 2721 committimus
580 2693 615 2720 et
631 2690 841 2719 mandamus
857 2689 1032 2729 quatinus,
1050 2689 1079 2719 si
1096 2691 1148 2719 est
1166 2689 1225 2726 ita,
1243 2689 1404 2728 dictaque
1420 2688 1534 2718 Alicia
1550 2690 1693 2728 propter

311 2735 376 2765 hoc
394 2738 495 2774 rapta
512 2745 581 2764 non
606 2733 724 2771 fucrit,
742 2744 819 2764 011111
839 2733 999 2764 Johanne
1017 2736 1049 2763 et
1068 2733 1179 2763 Alicia
1195 2733 1362 2772 predictis
1378 2735 1427 2771 ut,
1444 2732 1695 2771 impedimento

156 2779 201 2806 fol.
216 2780 271 2803 224-
311 2779 401 2818 quod
418 2790 459 2809 ex
476 2778 780 2817 consanguinitate
791 2777 991 2818 hujusmodi
1004 2777 1163 2817 pervenit
1176 2787 1243 2806 1100
1257 2777 1428 2813 obstante,
1442 2776 1478 2806 in
1491 2775 1691 2816 hujusmodi

311 2823 535 2853 matrimonio
552 2832 733 2852 remanere
750 2822 856 2852 libere
874 2824 909 2851 et
924 2822 1018 2851 licite
1035 2822 1175 2851 valeant
1192 2821 1314 2851 eadem
1331 2820 1538 2851 auctoritate
1556 2820 1692 2859 dispen—

310 2878 385 2904 ses3
410 2867 541 2907 prolem
570 2877 611 2897 ex
637 2866 838 2906 hujusmodi
872 2865 1095 2896 matrimonio
1126 2867 1323 2904 susceptam
1365 2867 1401 2895 et
1430 2864 1692 2903 ,suscipiendam

309 2911 503 2952 legitimam
541 2910 908 2942 decernenda—Data
945 2910 1064 2949 Rome,
1104 2909 1197 2950 apud
1234 2909 1402 2940 Sanctum
1438 2908 1593 2947 Petrum,
1630 2907 1690 2948 viij
