1907 3212
157 297 249 340 668

155 410 186 434 A⁴
196 409 228 434 D.

154 444 224 468 1:388.

155 476 214 502 Vol.
235 477 254 501 Ι.

359 310 457 341 THE
490 309 728 342 REGISTER
769 309 828 341 OF
865 309 1041 342 BISHOP
1084 309 1483 344 BRANTYNGHAM.

312 422 389 442 cum
415 420 536 443 exacta
560 413 745 452 diligencia
769 422 1012 452 expurgemus.
1063 413 1118 450 Ut,
1144 413 1261 451 igitur,
1286 414 1444 446 defectus
1467 416 1635 455 comperti
1653 416 1689 446 in

315 457 583 487 Visitacionibus
601 457 729 487 nostris
747 457 892 486 diversis
909 457 943 486 in
965 457 1174 487 Mouastcrio
1191 458 1346 497 predicto
1363 470 1424 499 per
1441 470 1503 490 uos
1515 460 1688 490 Canonice

311 501 482 537 exercitis,
509 501 633 531 Divina
657 501 852 540 opitulante
876 502 1074 539 clemencia,
1100 502 1135 531 iu
1159 502 1283 532 melius
1310 504 1554 541 reformentur,
1581 504 1688 534 Moni-

310 545 435 582 ciones,
455 546 632 583 Precepta,
644 550 678 575 et
695 546 857 575 Mandata
870 546 1095 584 infrascripta
1106 546 1204 576 vobis
1220 547 1405 577 indicimus
1423 558 1483 587 per
1495 548 1689 585 Presentes,

310 589 373 618 sub
405 589 693 619 interminacione
727 590 985 619 iualediccionis
1016 594 1146 624 eterne,
1178 594 1349 629 quatenus
1381 602 1441 621 vos
1473 593 1687 632 conjunctim

311 643 369 662 seu
388 633 524 663 divisim
551 639 776 667 concernunt,
794 634 942 663 tirmiter
963 634 1279 664 observanda—IN
1300 643 1430 673 PRIMIS,
1448 637 1575 676 itaque,
1593 637 1690 667 vobis

311 678 521 716 precipimus
539 682 572 707 et
591 678 798 707 mandamus
818 678 982 717 quatinus
1000 678 1163 708 Divinum
1190 679 1360 716 Officium,
1378 680 1539 709 diurnum
1559 681 1691 720 pariter

310 724 341 750 et
363 726 582 759 iim-turnum,
602 723 695 752 horis
711 723 875 760 congruis
899 732 937 752 ac
962 733 1040 752 cum
1066 723 1252 753 devocione
1278 723 1395 754 debita
1418 728 1627 763 peragatum
1653 732 1687 755 et

310 766 410 804 quod,
428 770 543 805 spreta
567 776 703 796 exnunc
727 767 881 806 qualibet
903 767 1111 805 evagacioue
1136 767 1250 796 inutili
1267 770 1301 797 et
1320 768 1488 805 discursu,
1508 769 1689 806 Regularis

312 810 555 843 Observancia,
581 817 651 840 tam
678 811 712 840 in
730 811 883 849 jejuniis,
900 811 1037 849 vigiliis,
1064 811 1204 841 silencio
1231 810 1285 851 [in
1303 811 1386 842 locis
1404 810 1544 852 debitis]
1562 816 1596 842 ct
1613 823 1687 843 ora-

311 855 477 887 cionibus,
498 865 601 894 quam
622 855 698 884 aliis
723 865 788 894 que
812 855 855 884 ad
879 862 1031 885 vestram
1060 855 1284 894 Religionem,
1303 856 1494 886 secundum
1520 857 1688 896 Regulam

311 898 428 928 Sancti
459 899 646 931 Benedicti.
671 900 859 938 pertinent,
876 909 896 929 a
913 899 1010 929 vobis
1035 900 1195 929 omnibus
1219 900 1442 937 observetur;
1468 903 1503 930 et
1521 901 1609 940 quod
1627 911 1688 931 nu-

310 953 425 972 merus
443 946 639 977 consuetus,
659 944 849 973 secundum
869 944 1070 973 Monasterii
1088 943 1286 981 facultates,
1304 944 1547 983 reintegretur,
1566 945 1609 975 ad
1626 945 1688 975 Dei

308 987 454 1024 ¹§gloriam
473 995 505 1017 et
525 988 851 1025 limioreui.—ITEM‚
874 988 1072 1018 districcius
1095 988 1294 1018 inhibemus
1317 999 1360 1019 ue
1377 989 1453 1028 quis
1469 992 1635 1027 vestrum,
1652 990 1687 1019 in

311 1032 521 1061 Monasterio
538 1032 591 1061 vel
613 1032 695 1061 alibi
720 1032 912 1062 incedendo
930 1032 983 1062 vel
1000 1032 1198 1071 equitando,
1216 1033 1345 1063 tunicis
1369 1036 1490 1063 utatur
1512 1033 1689 1064 botonatis

308 1076 504 1115 capuciisvc
529 1076 752 1113 secularibus,
770 1081 829 1106 aut
855 1076 965 1106 ocreis
989 1077 1158 1111 rostratis,
1176 1080 1236 1106 aut
1260 1077 1540 1107 linthiaminibus
1564 1078 1616 1108 vel
1635 1087 1688 1108 ca-

308 1120 418 1149 misiis
437 1120 544 1157 lineis,
562 1121 604 1150 de
622 1120 677 1150 die
695 1121 746 1150 vel
766 1121 807 1150 de
824 1123 935 1153 nocte,
951 1130 1011 1150 seu
1028 1121 1095 1150 alio
1112 1131 1327 1160 quocumque
1352 1122 1474 1151 habitu
1490 1122 1686 1159 indecenti3

307 1174 370 1194 nec
394 1165 519 1204 aliquis
550 1165 740 1195 Monachus
768 1165 862 1194 dicte
886 1165 1282 1199 I)01nus,—Seuescallo,
1312 1166 1470 1203 Cellario,
1496 1167 1689 1205 ceterisque

308 1208 500 1244 Officiariis,
526 1219 671 1248 quorum
697 1209 805 1239 officia
839 1209 1086 1248 occupacioues
1111 1212 1146 1239 et
1176 1209 1312 1239 labores
1343 1210 1545 1249 frequentes
1573 1213 1608 1240 et
1633 1220 1687 1240 ex-

307 1252 476 1282 trinsecos
500 1253 644 1292 exigunt
666 1260 699 1282 et
725 1254 917 1292 requirunt,
936 1264 1030 1293 quos,
1048 1254 1237 1283 officiorum
1256 1264 1396 1283 suorum
1418 1254 1616 1294 hujusmodi
1634 1265 1686 1284 oc-

307 1297 444 1327 casione
461 1297 714 1333 tautummodo,
729 1301 762 1327 et
782 1308 850 1327 nou
867 1298 978 1333 aliter,
997 1298 1113 1335 egredi
1131 1298 1314 1336 oportebit.
1329 1298 1512 1328 dumtaxat
1523 1299 1687 1338 exceptis,

306 1344 451 1380 —septa
482 1342 684 1371 Monasterii
724 1344 824 1372 exeat
856 1342 921 1371 uisi
954 1342 995 1371 de
1029 1342 1172 1372 licencia
1206 1342 1399 1381 Superioris
1431 1343 1494 1379 sui,
1527 1343 1686 1373 videlicet

307 1386 465 1423 Abbatis,
495 1386 547 1415 vcl
577 1386 610 1415 in
640 1386 749 1424 ipsius
777 1386 941 1415 absencia
970 1386 1107 1425 Prioris,
1134 1386 1244 1425 petita
1272 1387 1435 1425 primitus
1461 1393 1495 1417 et
1522 1387 1686 1424 obtenta:

307 1440 417 1469 neque
434 1440 513 1459 cuni
539 1430 752 1465 mulieribus,
772 1431 894 1460 saltem
920 1430 1099 1469 suspectis,
1118 1430 1316 1469 aliqualiter
1340 1431 1606 1468 ‹·out'al›uletur;
1632 1439 1683 1461 set

312 1474 421 1504 Libris
445 1479 478 1504 et
507 1474 737 1511 Regularibus
762 1474 1072 1504 inforimicionibus
1100 1474 1135 1504 in
1165 1475 1329 1506 Ecclesia,
1349 1475 1518 1512 elaustro,
1545 1486 1584 1505 ae
1609 1476 1686 1505 aliis

307 1519 391 1548 locis
407 1518 450 1548 ad
468 1518 531 1548 hoc
543 1519 721 1558 deputatis
738 1519 908 1550 intendat,
922 1519 1138 1557 temporibus
1149 1519 1275 1548 debitis
1289 1522 1323 1548 et
1336 1519 1524 1558 oportunis.
1570 1519 1686 1555 Vobis,

306 1563 427 1599 eciam,
446 1563 508 1592 sub
525 1573 615 1602 pena
640 1563 1022 1592 Excomuiunicas-ionis
1049 1563 1200 1601 Majoris.
1218 1563 1434 1602 injungimus
1451 1564 1615 1602 quatinus
1632 1574 1686 1593 ex-

307 1616 409 1644 nunc,
428 1612 499 1636 tam
518 1608 553 1636 iu
572 1607 665 1637 victu
689 1617 793 1646 quam
811 1607 845 1636 iu
865 1607 1004 1642 vestitu,
1022 1607 1055 1636 in
1075 1608 1248 1637 communi
1267 1613 1300 1637 et
1319 1608 1360 1637 de
1385 1608 1570 1645 communi,
1587 1608 1686 1647 juxta

307 1651 486 1690 antiquam
505 1651 714 1681 laudabilem
734 1651 873 1681 Ordinis
890 1654 923 1681 et
945 1651 1145 1680 Monasterii
1163 1654 1359 1681 vestrorum
1379 1651 1685 1684 Consuetudinem.

307 1706 346 1725 ac
373 1697 512 1725 statuta
540 1698 573 1725 et
601 1695 882 1725 Constitucioues
909 1695 1093 1733 Regulam-ia
1121 1696 1290 1725 hactenus
1316 1695 1518 1735 approbata,
1545 1706 1688 1726 excessu

307 1750 523 1779 quocumque
540 1740 575 1769 in
601 1740 664 1769 hac
691 1742 788 1778 parte
814 1740 1061 1775 circumducto,
1087 1740 1234 1775 vivatis3
1259 1746 1304 1777 et,
1321 1740 1473 1779 quolibet
1500 1741 1564 1774 (lie,
1583 1741 1685 1770 simul

307 1794 437 1817 omnes,
461 1784 513 1813 vel
539 1784 662 1813 saltem
688 1784 754 1813 due
779 1787 896 1823 partes
920 1791 978 1813 aut
1006 1784 1117 1822 major
1140 1794 1221 1823 pars
1245 1788 1411 1821 vestrum,
1428 1785 1462 1813 in
1490 1784 1688 1814 Refectorio

307 1828 507 1863 comedatis,
525 1828 640 1867 ibique
658 1829 691 1857 in
711 1838 830 1858 mensa
856 1828 1071 1867 Scripturaiu
1099 1828 1238 1858 Sacram
1257 1828 1334 1866 legi,
1351 1829 1451 1868 juxta
1475 1829 1604 1858 dietam
1624 1829 1686 1859 Re-

307 1873 434 1910 gulam,
447 1872 601 1906 faciatis:
620 1882 776 1902 cameras
794 1879 927 1901 vestras
945 1872 1113 1903 hacteuus
1130 1873 1277 1902 usitatas
1294 1873 1434 1912 penitus
1450 1873 1687 1912 relinquendo.

313 1917 352 1946 Et
377 1927 446 1954 vos,
472 1917 599 1954 Abbas,
627 1923 673 1952 ut,
697 1917 796 1955 juxta
824 1917 1015 1946 Salvatoris
1043 1917 1186 1951 dictum,
1212 1917 1407 1956 exemplum
1433 1917 1510 1947 aliis
1535 1918 1623 1947 detis
1650 1925 1686 1947 ut

306 1961 599 2000 quemadmodum
623 1971 683 1990 vos
709 1960 849 1990 faciatis
878 1961 927 1990 illi
952 1961 1094 1995 saciant,
1119 1961 1153 1990 iu
1182 1960 1388 1997 Refectorio,
1414 1962 1536 1991 saltem
1566 1961 1688 1991 diebus

306 2005 464 2044 piscium,
491 2005 655 2044 quociens
687 2005 866 2035 commode
898 2005 1067 2044 poteritis,
1097 2006 1296 2039 comedatis,
1324 2011 1356 2035 et
1385 2016 1462 2035 cuin
1492 2006 1621 2036 eisdem
1652 2006 1687 2035 in

306 2049 510 2079 dormitorio
535 2049 696 2079 similiter
719 2049 874 2088 jaceatis.
892 2059 931 2078 ac
958 2049 1145 2079 Monachos
1170 2052 1303 2079 vestros
1329 2050 1473 2079 vestitos
1498 2052 1531 2079 et
1556 2050 1688 2079 cinctos

306 2093 482 2133 quiescere
506 2093 655 2131 faciatis,
672 2096 705 2123 et
724 2093 859 2123 debitas
883 2093 1118 2123 coi-reccioues
1140 2094 1175 2122 in
1194 2093 1364 2132 Capitulo,
1382 2094 1544 2133 precipue
1561 2104 1627 2133 quo
1644 2094 1687 2124 ad

307 2138 547 2167 inobedientes
564 2140 597 2167 et
616 2138 822 2167 discordiam
848 2138 940 2167 inter
958 2137 1097 2167 Fratres
1122 2138 1345 2170 seminantes,
1363 2139 1435 2167 siue
1460 2148 1686 2177 personarum

306 2182 509 2221 aceepcioue
534 2181 698 2220 qualibet,
716 2182 830 2211 facere
855 2182 1036 2217 studeatis,
1053 2184 1156 2221 prout
1182 2182 1273 2212 Ordo
1300 2182 1512 2212 Mouasticus
1528 2183 1635 2221 exigit
1653 2189 1687 2212 et

305 2226 610 2265 requirit.—lsr1⁴:.u,
624 2226 830 2255 Sanctorum
850 2226 992 2255 Patrui'n
1006 2226 1162 2264 vestigiis
1173 2226 1383 2263 inherentes,
1394 2226 1501 2263 vobis,
1514 2226 1577 2255 sub
1590 2227 1688 2265 penis

306 2270 517 2303 memoratis,
543 2270 739 2300 disti-iccius
763 2270 960 2299 inhibemus
985 2280 1026 2299 nc
1050 2270 1285 2304 liberaciones,
1308 2271 1500 2309 pensione&
1519 2271 1590 2300 sive
1614 2280 1685 2300 cor-

306 2314 400 2343 rodia
427 2314 541 2353 aliqua
565 2314 833 2353 imperpetuum,
852 2314 905 2343 vel
930 2314 973 2343 ad
998 2318 1136 2353 tempus
1161 2314 1241 2350 vite,
1259 2315 1418 2353 cuiquam
1442 2315 1685 2352 concedantur,

306 2358 370 2387 nisi
397 2358 438 2387 de
463 2368 631 2387 consensu
659 2358 805 2387 Abbatis
829 2365 861 2387 et
889 2359 1089 2388 Conventus
1114 2359 1269 2388 unanimi
1295 2359 1513 2397 precedente,
1530 2369 1608 2388 eum
1630 2358 1685 2388 de-

308 2402 513 2432 liberacione
531 2402 665 2431 solicita
682 2406 715 2432 et
734 2406 890 2439 matura3
916 2413 957 2432 ex
973 2412 1087 2439 causa,
1105 2403 1224 2439 eciam,
1242 2403 1444 2432 racionabili
1462 2406 1495 2432 et
1518 2403 1685 2440 legitima.

306 2458 345 2475 uc
364 2457 424 2485 pro
443 2446 645 2475 Monusterii
664 2446 769 2475 vestri
789 2447 969 2475 commodo
986 2450 1019 2475 ct
1041 2447 1192 2476 utilitate
1210 2447 1544 2478 communi—ITEM,
1563 2447 1684 2477 statui-

306 2500 392 2527 mus,
418 2496 451 2519 et
477 2491 663 2520 statuendo
693 2490 904 2522 ordinamus,
929 2491 1019 2529 quod
1051 2491 1164 2525 Cartc,
1192 2491 1441 2528 Instrumenta,
1468 2491 1685 2520 Munimeuta

305 2535 387 2563 dicti
408 2535 620 2571 Monasterii,
637 2534 834 2570 thesaurus,
852 2541 886 2564 et
911 2535 1063 2571 sigillum
1084 2538 1238 2564 vestrum
1265 2545 1448 2565 commuue
1472 2538 1548 2564 tute
1573 2537 1684 2564 custo-

305 2579 446 2608 diantur
468 2579 531 2607 sub
557 2578 668 2607 tribus
693 2579 838 2607 diversis
865 2578 1020 2608 clavibus
1043 2586 1077 2608 et
1103 2579 1242 2613 sei-uris,
1259 2579 1357 2618 juxta
1383 2579 1523 2608 modum
1541 2579 1576 2608 iu
1593 2579 1686 2608 dicto

308 2623 517 2652 Monastcrio
542 2623 736 2661 antiquitus
753 2623 997 2659 observatum3
1023 2633 1086 2653 uec
1110 2623 1230 2652 eodem
1257 2623 1370 2659 sigillo
1388 2625 1502 2653 vestro
1520 2632 1684 2661 umquam

305 2666 434 2705 aliquid
460 2666 632 2703 sigilletur
661 2667 734 2696 sinc
760 2667 876 2700 vestri,
901 2673 962 2696 aut
989 2673 1143 2696 vestrum
1169 2667 1313 2706 majoris
1339 2670 1371 2696 et
1401 2667 1547 2696 sanioris
1575 2666 1685 2705 partis

306 2710 456 2749 ('apituli
468 2710 645 2749 presencia
654 2714 687 2740 ct
702 2720 916 2740 cousensu,-
932 2711 1250 2750 l'rEM,precipi1uus
1263 2714 1296 2740 et
1310 2710 1687 2749 mandamusquatinus

306 2759 376 2783 lum
398 2764 466 2791 vos,
483 2754 612 2791 Abbus,
630 2765 733 2793 quam
760 2755 930 2794 Receptor
953 2758 988 2784 et
1015 2755 1178 2792 Sat-rista,
1196 2754 1415 2788 Cellararius,
1433 2764 1472 2784 ac
1489 2754 1594 2784 ceteri
1611 2763 1684 2783 ves-

305 2803 397 2827 trum
416 2798 449 2827 in
469 2798 598 2827 Officiis
615 2799 807 2836 constituti,
825 2801 1023 2837 compotum
1047 2799 1088 2829 de
1105 2798 1358 2829 administratis
1375 2808 1489 2828 coram
1508 2800 1581 2827 toto
1599 2797 1684 2827 Con-

305 2845 411 2871 ventu
437 2842 490 2871 vel
517 2842 639 2882 majori
664 2846 773 2881 parte,
797 2845 859 2872 aut
883 2843 1092 2882 deputandis
1109 2843 1152 2872 ab
1169 2843 1300 2880 eodem,
1316 2841 1472 2872 reddatis
1493 2841 1684 2878 annuatim,

303 2886 401 2927 juxta
428 2886 566 2916 Ordinis
585 2887 689 2918 vestri
716 2886 856 2916 Statum
881 2892 913 2917 et
942 2886 1192 2918 Observancias
1210 2886 1410 2925 Regulares.
1458 2885 1499 2915 Et
1518 2885 1607 2926 quod
1624 2895 1686 2925 per
